1610 2522
125 90 207 131 152
626 88 665 130 Q.
695 88 838 124 CURTI
863 88 978 123 RUFI

122 199 315 240 momenti
348 201 478 240 motus
508 198 630 240 istius
655 197 871 239 inclinatio
901 199 1047 250 sutura
1078 200 1194 240 esset:
1227 211 1479 251 quamquam

114 261 255 311 postea
290 260 447 310 accepto
479 257 673 299 victoriae
704 259 849 298 nuntio
882 270 971 298 cum
997 258 1085 298 suis
1118 257 1235 298 rebus
1270 256 1385 298 illam
1417 257 1479 298 di-

125 318 380 359 mieationem
421 330 654 369 conparans
693 317 874 358 murium
913 330 1001 357 eain
1037 330 1220 369 puynam
1251 317 1382 369 fuisse
1413 329 1478 358 ca-

126 376 289 418 villatas
327 379 393 417 est.
461 375 641 418 Ceterum
678 377 894 429 principia
933 376 1020 417 eius
1062 375 1153 417 belli
1189 376 1304 417 haud
1339 376 1479 430 inpro-

122 449 241 489 spera
269 435 609 477 Lacedaemoniis
638 436 762 488 fuere.
827 434 955 477 quta
986 434 1253 488 Corrliaymn,
1286 435 1480 476 Macedo-

125 497 219 536 niae
251 494 472 545 castellnm,
505 508 593 536 cum
617 495 838 548 Antipatri
863 494 1066 536 militibus
1092 495 1294 547 conyressi
1314 495 1480 536 victores

122 556 367 596 extiterant:
412 557 449 595 et
489 555 551 595 rei
588 553 684 595 bene
716 557 852 607 qestae
891 556 1009 606 fama
1055 556 1195 605 etiam,
1236 554 1308 607 qui
1344 553 1481 595 dubiis

125 614 324 655 mentibus
347 614 559 666 fortunam
580 616 870 666 spectaverant,
895 614 1078 655 societati
1103 627 1240 655 eorum
1260 626 1301 654 se
1332 613 1481 654 adiun-

122 676 280 715 ⁸rerunt.
333 672 424 715 Una
452 686 501 714 ea:
532 672 650 714 Eleis
670 672 932 726 Achaeisque
951 673 1120 714 urbibus
1147 671 1310 714 Pellene
1340 673 1482 723 foedus

122 732 425 786 aspernabatur
450 735 487 773 et
520 733 563 773 in
594 732 781 774 Arcadia
809 732 1090 786 Meyalopohs,
1121 733 1208 786 fida
1240 732 1483 773 Macedoni-

123 792 196 833 bus
220 794 391 845 propter
418 791 612 844 Philippi
643 793 898 845 memoriam,
930 806 955 833 a
981 806 1059 844 quo
1085 791 1290 845 beneficiis
1322 791 1483 844 adfecta

120 853 270 904 suerat.
346 850 429 893 Sed
476 851 574 892 liaec
624 852 889 893 circumsessa
943 865 1023 892 non
1076 851 1245 892 multum
1297 865 1323 892 a
1373 850 1483 892 dedi-

124 912 228 953 tione
260 911 411 961 aberat,
444 911 530 952 nisi
562 911 725 952 tandem
745 910 970 964 Antipater
1000 910 1257 952 subvenisset.
1302 909 1348 951 Is
1377 913 1484 963 post-

122 984 249 1024 quam
282 973 417 1012 castra
450 971 598 1012 castris
630 969 802 1011 eontulit
830 983 948 1023 seque
974 983 1142 1011 numero
1170 969 1346 1010 militum
1381 968 1482 1010 alio-

123 1044 198 1084 que
235 1033 447 1083 apparatu
485 1031 737 1082 superiorem
779 1031 1001 1082 conspexit,
1047 1043 1171 1082 quam
1205 1030 1396 1083 primum
1437 1029 1485 1070 de

122 1103 288 1131 summa
320 1103 458 1131 rerum
482 1088 641 1142 proelio
674 1089 907 1130 contendere
931 1090 1097 1130 statuit:
1129 1103 1256 1142 neque
1281 1088 1485 1130 Lacedae-

126 1150 256 1191 monii
294 1149 558 1190 detrectavere
599 1152 810 1190 certamen.
875 1148 945 1189 Ita
977 1149 1193 1189 commissa
1227 1151 1291 1190 est
1324 1161 1484 1201 quna,

125 1222 229 1262 quae
259 1222 344 1250 rem
371 1207 627 1261 Spartanam
656 1209 856 1250 maiorem
882 1209 929 1249 in
949 1209 1115 1249 modum
1148 1208 1325 1260 adflixit.
1380 1205 1484 1248 Cum

123 1269 231 1309 enim
272 1267 478 1321 anqustiis
509 1267 704 1317 locorum,
744 1269 789 1309 in
823 1267 970 1320 (litibus
1004 1267 1291 1321 pitinanabatur,
1328 1267 1484 1319 confisi,

126 1327 194 1369 ubi
225 1327 330 1369 hosti
361 1326 523 1368 nullum
565 1327 844 1368 multitudinis
876 1340 997 1368 usum
1032 1328 1222 1380 futurum
1261 1325 1485 1375 credebant,

120 1387 347 1439 fortissime
378 1387 582 1439 coum-esse?
607 1390 746 1440 essent,
779 1400 827 1427 ae
852 1386 1101 1428 Illacedones
1129 1386 1394 1438 inpi-qerrime
1423 1398 1485 1426 re—

123 1447 330 1497 sisterent,
374 1446 546 1487 rnultum
586 1446 806 1499 .sanyuinis
840 1446 984 1499 fusum
1021 1449 1089 1487 est.
1152 1445 1234 1487 Sed
1262 1447 1485 1498 postquam

124 1505 350 1559 Antipater
390 1506 591 1559 inteyram
635 1505 807 1547 subinde
846 1519 1015 1546 manum
1065 1504 1348 1546 laborantibus
1397 1504 1486 1545 suis

123 1565 306 1607 subsidio
341 1565 470 1618 misit,
516 1565 682 1617 inpulsa
718 1565 1134 1606 Lacedaemoniorum
1166 1565 1274 1605 acies
1306 1564 1485 1617 yradum

118 1624 338 1678 paulisper
377 1624 523 1666 retulit.
600 1624 718 1676 Quod
758 1624 1015 1676 conspicatus
1051 1623 1159 1676 Ayis
1202 1637 1293 1664 cum
1332 1623 1486 1664 cohorte

92 1685 258 1737 Iregfia,
299 1698 403 1737 quae
440 1697 490 1725 ea*
512 1684 756 1736 fortissimis
787 1683 1012 1735 constabat,
1050 1696 1092 1724 se
1125 1684 1168 1723 in
1200 1683 1381 1724 medium
1412 1697 1486 1736 pu·
1509 1684 1528 1719 1

127 1757 236 1798 gnae
269 1742 498 1785 discrimen
532 1742 699 1784 inmisit
731 1742 1101 1797 obtruncatisque,
1140 1742 1214 1796 qui
1245 1741 1485 1795 promptius

79 1813 98 1843 2
126 1802 396 1857 resistebant,
427 1817 625 1857 magnam
660 1804 824 1856 partem
858 1801 1046 1843 hostium
1080 1802 1282 1855 propulit.
1330 1799 1486 1854 Coepe-

127 1864 223 1902 rant
266 1861 414 1916 fugere
453 1861 637 1903 victores
681 1864 735 1915 et,
779 1861 910 1902 donee
955 1861 1122 1901 avidius
1174 1862 1397 1914 sequentes
1441 1860 1484 1900 in

128 1922 303 1975 planum
327 1920 547 1972 deduxere,
581 1921 706 1962 inulti
731 1920 954 1962 cadebant:
987 1919 1061 1961 sed
1081 1922 1129 1961 ut
1147 1919 1333 1973 primum
1353 1919 1484 1972 loeus,
1505 1935 1522 1960 5

128 1982 171 2022 in
215 1994 299 2034 quo
342 1982 452 2021 stare
496 1983 690 2033 possent,
722 1980 822 2031 fuit,
863 1979 1009 2033 aequis
1041 1978 1204 2019 viribus
1237 1977 1485 2019 dimicatum

82 2051 101 2080 3
130 2043 204 2081 est.
268 2038 384 2080 Inter
417 2053 562 2080 omnes
596 2042 736 2080 tamen
765 2038 1122 2080 Lacedaemonios
1155 2053 1229 2078 rex
1261 2036 1487 2090 eminebat,

129 2114 214 2140 non
267 2112 482 2139 armorum
531 2098 657 2139 modo
701 2102 742 2139 et
793 2098 984 2152 eorporis
1029 2098 1185 2151 speeie,
1236 2096 1308 2137 sed
1358 2096 1485 2137 etiam

80 2169 101 2198 4
129 2157 423 2213 magnitudine
456 2157 598 2210 animi,
632 2171 714 2211 quo
736 2171 821 2198 uno
849 2157 960 2198 vinci
979 2171 1066 2198 non
1085 2156 1237 2210 potuit.
1289 2155 1489 2209 Undique

225 2301 244 2331 3
272 2297 450 2343 hostium]
478 2297 614 2331 ostium
640 2301 675 2331 L.
776 2301 795 2330 4
823 2301 860 2330 et
886 2296 1003 2331 donec
1031 2296 1199 2331 Medius:
1231 2295 1346 2329 donee
1373 2298 1412 2329 Δ.

131 2345 291 2391 avidius]
320 2344 453 2379 auidus
480 2348 506 2378 F
526 2357 569 2380 m.
586 2356 644 2389 pr.
723 2347 739 2377 ἵ
769 2343 1098 2390 Lacedaemonios]
1125 2341 1424 2378 lacaedemonios
1451 2345 1486 2375 P.
