1610 2522
41 745 72 768 10

40 1041 70 1065 15

375 78 703 112 HIS'Ptffl-IARUM
736 78 1009 111 ALEXANDRJ
1039 78 1098 114 ΙΙΙ,
1125 82 1155 111 8.
1381 78 1435 118 23

91 190 245 230 latores
292 189 393 229 mari
451 190 493 229 in
540 203 607 228 eas
664 188 858 243 regiones
908 187 1163 242 praemissos
1215 186 1436 242 explorare

92 248 218 300 iubet,
253 247 342 302 ipse
380 247 561 295 adesset,
606 263 656 288 an
703 247 1014 301 praefectorum
1060 246 1215 300 aliquis
1255 247 1434 300 speciem

92 307 356 362 praebuisset
409 307 595 348 universi
651 307 856 348 venientis
911 308 1130 347 exercitus.
1204 305 1286 347 Sed
1337 306 1435 347 dum

93 367 376 421 speculatores
428 370 756 419 reverterentur,
806 365 956 420 procul
1007 366 1156 421 ingens
1207 365 1436 407 multitudo

92 429 316 480 conspecta
360 429 432 467 est.
502 425 627 481 Ignes
673 426 822 467 deinde
867 426 968 467 totis
1013 425 1173 479 campis
1219 426 1438 466 conlucere

92 488 332 540 coeperunt,
366 486 592 540 omniaque
631 485 747 527 velut
786 485 1019 526 continenti
1059 485 1254 526 incendio
1294 485 1438 526 ardere

92 546 191 597 visa,
220 560 314 586 cum
340 545 558 586 incondita
584 545 814 586 multitudo
841 545 1023 586 maxime
1049 547 1225 599 propter
1251 546 1439 585 iumenta

92 605 227 646 laxius
261 605 463 646 tenderet.
526 604 675 658 Itaque
708 619 756 645 eo
790 606 883 658 ipso
917 605 1009 646 loco
1038 604 1187 645 metari
1223 619 1320 645 suos
1356 618 1439 645 cas-

92 667 156 706 tra
194 665 389 717 iusserat,
421 664 556 705 laetus
588 689 645 693 —
679 664 790 718 quod
831 665 944 705 omni
978 665 1211 717 expetierat
1249 667 1349 705 voto
1382 689 1439 692 —

94 725 136 765 in
168 724 253 765 illis
280 724 550 777 potissimum
578 723 786 779 angustiis
815 724 1122 764 decernendum
1155 723 1257 764 fore.
1322 722 1438 764 Cet-e·
1466 738 1474 747 *

93 799 204 836 rum,
246 786 292 824 ut
338 783 446 824 solet
487 783 595 835 fieri,
644 797 737 824 cum
785 783 926 824 ultimi
973 783 1227 824 discriminis
1272 785 1439 837 tempus

93 843 302 895 adventat,
347 844 389 883 in
436 842 763 884 sollicitudinem
811 858 932 884 versa
975 842 1130 883 fiducia
1175 845 1247 883 est.
1318 842 1438 883 Illam

95 904 229 957 ipsam
273 903 508 956 fortunam,
559 917 641 957 qua
692 903 935 956 adspirante
985 917 1051 943 res
1100 905 1188 943 tam
1240 916 1439 955 prospere

93 965 291 1018 gesserat.
330 962 553 1003 verebatur
585 976 661 1002 nec
694 962 849 1002 iniuria
882 977 932 1003 ex
963 962 1049 1015 his7
1089 976 1194 1015 quae
1220 962 1441 1003 tribuisset

93 1022 186 1075 sibi,
219 1036 431 1075 quamque
461 1021 677 1063 mutabilis
706 1024 827 1075 esset,
860 1022 1102 1075 reputabat:
1135 1036 1264 1062 unam
1298 1036 1439 1075 super-

92 1096 180 1122 esse
208 1083 387 1134 noctem,
413 1096 518 1135 quae
545 1081 652 1122 tanti
682 1081 937 1123 discriminis
964 1083 1203 1122 moraretur
1229 1083 1439 1122 eventum.

92 1140 254 1181 Rursus
289 1141 547 1192 occurrebat,
587 1142 746 1181 maiora
784 1141 984 1195 periculis
1017 1142 1201 1194 praemia
1241 1144 1293 1194 et7
1332 1140 1442 1181 sicut

93 1200 270 1240 dubium
297 1202 418 1250 esset,
447 1215 499 1241 an
526 1201 724 1253 vinceret,
757 1201 816 1241 ita
842 1200 950 1241 illud
975 1200 1123 1254 utique
1150 1203 1311 1241 certum
1339 1215 1442 1254 esse⁷

94 1259 269 1301 honeste
302 1262 343 1300 et
376 1274 471 1300 cum
504 1273 657 1314 magna
690 1259 813 1301 laude
840 1260 1108 1300 moriturum.
1171 1259 1320 1313 Itaque
1354 1274 1441 1300 cor-
1468 1271 1476 1284 ⁶

39 1339 53 1362 2
92 1334 196 1374 pora
234 1319 390 1360 milites
431 1334 576 1359 curare
609 1319 733 1360 iussit
771 1334 820 1360 ac
852 1319 999 1359 deinde
1039 1319 1163 1360 tertia
1194 1318 1343 1375 vigilia
1382 1319 1440 1359 in-

92 1381 277 1419 structos
317 1381 358 1419 et
390 1382 575 1420 armatos
608 1393 716 1419 esse:
754 1379 843 1432 ipse
882 1380 925 1420 in
956 1380 1103 1434 iugum
1143 1379 1245 1419 editi
1284 1378 1441 1419 montis

93 1438 281 1479 escendit
318 1438 547 1492 multisque
586 1438 908 1479 conlucentibus
946 1438 1109 1479 facibus
1148 1438 1286 1492 patrio
1326 1452 1441 1479 more

94 1497 350 1539 sacrificium
384 1498 447 1538 dis
475 1497 740 1551 praesidibus
774 1497 856 1538 loci
882 1498 993 1539 fecit.
1057 1496 1229 1552 Iamque
1256 1499 1441 1543 tertium,

94 1558 204 1598 sicut
243 1560 517 1611 praeceptum
559 1560 665 1609 erat,
707 1558 875 1612 signum
919 1557 1021 1598 tuba
1061 1557 1182 1598 miles
1224 1559 1442 1611 acceperat

41 1635 54 1658 2
94 1616 236 1657 itineri
269 1616 396 1656 simul
427 1619 601 1670 paratus
634 1631 681 1657 ac
713 1616 889 1671 proelio,
923 1619 1177 1671 strenueque
1211 1618 1314 1658 iussi
1347 1631 1442 1670 pro-

93 1676 240 1717 cedere
285 1676 446 1716 oriente
490 1677 582 1717 luce
628 1678 911 1729 pervenerunt
956 1677 1008 1717 ad
1053 1677 1290 1730 angustias,
1337 1690 1442 1730 quas

95 1749 302 1789 occupare
329 1735 611 1776 decreverant.
674 1735 860 1776 Dareum
886 1748 981 1776 XXX
1010 1736 1106 1777 inde
1134 1735 1271 1776 stadia
1297 1735 1441 1777 abesse

94 1794 315 1849 praemissi
362 1794 617 1835 indicabant.
693 1795 811 1835 Tunc
855 1795 1085 1836 consistere
1131 1810 1281 1851 agmen
1325 1795 1443 1836 iubet

95 1854 307 1907 armisque
340 1854 429 1908 ipse
463 1854 643 1908 sumptis
677 1855 810 1895 aciem
844 1855 1023 1895 ordinat.

182 1913 320 1954 Dareo
355 1913 583 1954 adventum
616 1913 804 1954 hostium
834 1914 977 1968 pavidi
1011 1917 1198 1969 agrestes
1225 1914 1443 1954 nuntiave-

94 1975 193 2014 runt
236 1972 305 2012 vix
344 1972 527 2014 credenti
562 1987 780 2014 occurrere
820 1975 966 2026 etiam,
1005 1988 1111 2027 quos
1151 1975 1198 2013 ut
1230 1973 1443 2028 fugientes

192 2105 207 2134 1
230 2101 322 2134 mari
342 2101 381 2135 in
402 2112 462 2136 eas
487 2102 635 2135 Meis-er:
658 2102 863 2136 maritimas
878 2105 916 2135 A.
993 2106 1011 2135 3
1033 2101 1232 2147 venientis]
1252 2100 1444 2135 uenientes

96 2153 131 2182 P.
230 2149 317 2182 dum
351 2150 496 2193 scripsi:
534 2161 616 2182 cum
642 2152 681 2182 A.
781 2153 799 2182 6
832 2149 949 2195 velut]
985 2149 1096 2183 velud
1124 2153 1158 2182 P.
1261 2153 1302 2181 10
1330 2159 1444 2193 angu-

96 2196 192 2241 stiis]
221 2196 412 2241 angustias
439 2200 463 2229 P
493 2209 533 2229 m.
551 2208 608 2240 pr.
698 2200 739 2230 1⁶2
774 2196 1081 2242 sollicitudinem]
1110 2196 1384 2230 solicitudinem
1404 2199 1443 2237 V,

96 2243 336 2278 solitudinem
350 2247 384 2276 P.
463 2247 503 2276 13
525 2244 727 2290 fortunam]
749 2245 897 2278 fortuna
910 2248 944 2278 P.
1028 2248 1069 2277 17
1091 2244 1246 2289 Rursus]
1268 2255 1392 2277 russus
1407 2246 1443 2277 B.

99 2295 139 2324 18
166 2291 343 2335 vinceret]
370 2293 520 2325 unceret
542 2294 581 2325 V.
656 2291 765 2337 illud]
786 2291 866 2326 ilud
886 2295 921 2326 P.
998 2296 1039 2325 21
1068 2291 1220 2337 montis]
1244 2293 1388 2325 montes
1408 2294 1443 2324 P.

98 2342 141 2372 25
168 2338 293 2372 itineri
314 2339 454 2373 Lazcer:
482 2339 614 2372 itinere
635 2341 672 2372 A.
749 2343 791 2373 28
818 2339 1028 2384 praemissi]
1055 2339 1259 2383 praemissa
1279 2342 1303 2370 P
1324 2350 1368 2372 m-
1384 2349 1444 2382 pr.

1468 317 1508 345 18

1468 615 1508 644 15³

1469 1509 1512 1538 93

1470 1747 1513 1777 24
