1610 2522
83 279 90 297 l

76 445 95 475 8

75 566 94 595 9

54 745 70 773 1
76 748 95 773 υ

54 924 94 953 11

54 1101 96 1131 12

55 1398 97 1428 13

57 1697 96 1725 14

123 88 209 129 302
586 141 592 147 ⁶
628 88 666 130 Q.
696 87 838 123 CURTI
865 88 975 123 RUFI

123 198 204 238 rati
237 198 382 238 effusis
415 197 592 238 habenis
626 198 669 238 in
701 197 887 238 medium
922 197 1150 239 discrimen
1183 213 1303 239 ruere
1336 213 1480 252 coepe-

123 261 232 297 runt.
297 256 466 311 Anceps
506 257 549 298 id
587 258 746 298 intlum
789 257 981 311 utiisque
1014 261 1112 298 erat.
1176 256 1288 299 Nam
1321 261 1364 299 et
1394 257 1481 298 Ma-

125 316 332 357 cedonum
375 316 539 369 pedites
580 317 717 370 primo
762 317 923 370 impetu
967 316 1286 370 obterebantur,
1331 320 1372 359 et
1407 332 1482 371 per

122 374 286 416 lubrica
324 379 451 429 atque
489 376 605 416 invia
644 376 808 416 inmissi
847 390 994 417 currus
1028 376 1300 417 excutiebant
1333 391 1422 431 eos,
1458 392 1482 418 a

124 435 280 488 quibus
312 435 581 490 regebantur.
632 435 824 476 Aliorum
861 435 1020 476 turbati
1055 436 1152 489 equi
1182 437 1336 477 nonin
1363 450 1481 477 vora·
1519 452 1534 478 5

123 494 243 549 gines
277 494 402 535 modo
435 495 706 548 lacunasque,
738 495 811 535 sed
844 495 972 535 etiam
1007 495 1049 535 in
1082 510 1249 536 amnem
1276 496 1481 550 praecipi—

122 556 266 594 tavere
299 553 521 606 curricula,
554 556 677 607 pauci
703 554 799 594 telis
829 553 1017 595 hostium
1045 555 1183 596 exacti
1210 558 1482 608 penetravere

125 613 175 653 ad
208 612 366 654 Porum
394 615 597 654 acerrime
629 628 818 669 pugnam
846 613 1040 656 cientem.
1090 612 1145 667 Is,
1177 617 1224 655 ut
1252 614 1480 669 dissipatos
1501 616 1551 653 48

123 675 214 713 tota
247 672 335 713 acie
368 687 516 714 currus
548 674 694 728 vagari
728 674 817 714 sine
850 673 1087 714 rectoribus
1119 673 1236 724 vidit,
1275 674 1481 727 proximis

124 732 360 773 amicorum
395 732 613 773 distribuit
646 731 904 786 elephantos.
956 731 1063 773 Post
1091 747 1162 774 eos
1187 736 1389 787 posuerat
1414 748 1482 787 pe·
1502 750 1536 776 10

124 791 254 832 ditem
289 805 336 832 ac
369 792 615 847 sagittarios
647 796 683 833 et
710 795 915 846 tympana
941 792 1109 846 pulsare
1135 792 1303 834 solitos:
1336 792 1378 833 id
1403 807 1481 846 pro

125 853 249 891 cantu
289 851 490 892 tubarum
529 850 646 892 Indis
686 855 794 905 erat,
838 866 915 892 nec
951 853 1132 905 strepitu
1165 866 1311 892 eorum
1343 866 1482 893 move-

123 909 279 951 bantur
312 911 415 951 olim
449 911 501 951 ad
532 914 681 952 notum
714 925 865 952 sonum
900 911 1073 952 auribus
1106 912 1325 966 mitigatis.
1376 910 1483 952 Her-

125 970 232 1011 culis
284 969 558 1011 simulacrum
611 970 771 1025 agmini
817 970 1009 1024 peditum
1055 970 1388 1024 praeferebatur:
1440 970 1481 1011 id

123 1030 358 1070 maximum
393 1033 482 1070 erat
512 1029 771 1071 bellantibus
804 1029 1141 1084 incitamentum,
1174 1034 1216 1071 et
1248 1030 1481 1071 deseruisse
1502 1049 1535 1075 15

124 1089 330 1143 gestantis
370 1089 553 1131 militare
591 1089 803 1144 flagitium
844 1089 1093 1130 habebatur.
1157 1090 1320 1144 Capitis
1352 1090 1481 1131 etiam

125 1151 353 1189 sanxerant
397 1163 577 1202 poenam
622 1149 692 1202 iis,
739 1149 813 1202 qui
857 1163 907 1190 ex
953 1150 1041 1190 acie
1079 1163 1164 1190 non
1204 1149 1482 1202 rettulissent,

124 1211 254 1261 metu,
287 1222 413 1262 quem
447 1223 499 1249 ex
531 1208 605 1249 illo
634 1208 756 1249 hoste
784 1208 999 1262 quondam
1027 1212 1320 1262 conceperant,
1352 1209 1480 1249 etiam

125 1267 166 1308 in
213 1266 464 1322 religionem
509 1268 909 1321 venerationemque
951 1282 1165 1309 converso.
1227 1267 1481 1310 Macedonas

123 1341 211 1368 non
237 1326 457 1368 beluarum
479 1327 618 1379 modo,
646 1327 718 1368 sed
745 1327 872 1367 etiam
897 1327 1028 1381 ipsius
1049 1328 1162 1382 regis
1188 1330 1382 1382 aspectus
1410 1342 1482 1381 pa·
1502 1346 1536 1373 20

125 1401 297 1440 rumper
329 1386 527 1428 inhibuit.
579 1386 736 1427 Beluae
769 1387 998 1440 dispositae
1030 1386 1142 1427 inter
1174 1390 1358 1428 armatos
1391 1401 1481 1440 spe-

130 1446 235 1487 ciem
281 1447 464 1487 turrium
508 1446 660 1500 procul
703 1446 908 1499 fecerant,
958 1447 1047 1500 ipse
1091 1446 1227 1487 Porus
1271 1446 1481 1487 humanae

125 1505 433 1559 magnitudinis
460 1520 594 1559 prope
620 1506 793 1547 modum
821 1509 1073 1547 excesserat:
1111 1506 1294 1560 speciem
1321 1506 1479 1561 magni-

124 1565 262 1605 tudini
284 1564 384 1606 Pori
412 1565 575 1606 adicere
601 1564 826 1606 videbatur
853 1564 988 1615 belua,
1015 1580 1099 1619 qua
1120 1565 1365 1618 vehebatur,
1391 1567 1479 1606 tan-

125 1627 215 1665 tum
244 1625 354 1665 iuter
381 1627 542 1665 ceteras
570 1625 770 1678 eminens,
798 1626 958 1678 quanto
985 1624 1079 1665 aliis
1107 1625 1197 1679 ipse
1223 1624 1479 1679 praestabat.
1501 1644 1534 1670 25

125 1682 274 1737 Itaque
295 1683 537 1725 Alexander
568 1684 882 1738 contemplatus
916 1687 957 1724 et
988 1699 1131 1739 regem
1165 1686 1207 1724 et
1236 1698 1388 1739 agmen
1413 1682 1480 1724 In-

222 1816 241 1845 6
269 1812 514 1858 lacunasque]
536 1813 761 1856 lacanasque
781 1815 807 1845 B
828 1825 940 1857 mpr.
1019 1816 1036 1845 7
1058 1812 1142 1846 telis
1163 1813 1478 1857 Snakenburyius:

125 1862 233 1894 tenus
255 1864 288 1902 C,
312 1862 438 1894 tamen
458 1864 483 1893 P
504 1872 547 1894 m.
564 1872 622 1904 pr.
645 1863 671 1893 B
692 1872 736 1894 m.
757 1872 820 1894 sec.
897 1859 1034 1905 exacti]
1057 1860 1203 1894 exhacti
1224 1863 1263 1893 V.
1327 1863 1346 1893 9
1367 1859 1479 1905 vidit]

125 1908 183 1941 uit
202 1910 227 1940 B
254 1919 297 1941 m.
314 1919 373 1952 pr.
466 1908 660 1953 proximis]
686 1907 844 1951 proximi
870 1911 896 1940 P
918 1920 958 1941 m.
976 1919 1034 1951 pr.
1113 1912 1153 1941 11
1182 1912 1220 1942 et
1245 1909 1425 1951 tympana
1445 1911 1478 1940 1:

125 1957 306 1999 tympana
327 1958 436 1997 BFV,
455 1955 624 1998 timpana
643 1959 712 1988 LP.
793 1959 834 1989 13
861 1955 1007 2000 notum]
1027 1957 1169 1988 motum
1190 1958 1215 1988 B
1235 1966 1348 1999 mpr.
1370 1957 1406 1987 P.

126 2002 313 2048 Herculis]
347 2002 516 2037 hercules
546 2006 582 2036 P.
738 2007 780 2036 16
812 2002 1013 2048 flagitium]
1045 2002 1269 2047 flaiugitium
1301 2005 1327 2034 F
1352 2014 1397 2036 m.
1419 2013 1478 2046 pr.

129 2054 169 2083 17
199 2051 414 2096 sanxerant]
442 2051 664 2084 sancxerant
689 2054 724 2083 P.
819 2050 994 2095 poenam]
1020 2061 1154 2094 penam
1181 2053 1220 2084 V.
1312 2049 1359 2083 iis
1395 2050 1479 2083 Πη-

127 2099 287 2133 ᾱεῖί·ηα3;
305 2098 361 2131 his
376 2101 414 2132 A.
472 2097 707 2131 rettulissent
721 2098 926 2142 Zumptius:
948 2097 1164 2132 retulissent
1183 2101 1222 2130 A.
1299 2101 1341 2130 15
1362 2096 1480 2142 metu]

127 2155 247 2191 met'i'i'
269 2161 303 2190 P.
452 2156 574 2202 hoste]
608 2158 686 2190 oste
717 2160 743 2189 P
768 2169 813 2190 m
829 2168 888 2200 pr.
1036 2156 1241 2202 quondam]
1268 2155 1423 2189 condam
1454 2159 1480 2188 P

129 2217 170 2238 m.
187 2217 245 2249 pr.
365 2210 407 2239 19
436 2204 672 2249 religionem]
698 2204 886 2247 regionem
914 2208 939 2237 P
958 2216 1003 2238 m
1019 2216 1078 2248 pr
1197 2207 1240 2237 20
1267 2202 1478 2248 beluarum]

127 2252 324 2286 baluarum
351 2257 376 2285 P
398 2265 440 2286 m
458 2265 515 2296 pr.
625 2255 665 2285 21
696 2251 849 2297 Beluae]
876 2251 1013 2285 buluae
1038 2255 1064 2284 P
1084 2263 1129 2285 m.
1145 2263 1203 2295 pr
1303 2249 1479 2295 speciem]

128 2300 285 2343 spetiem
313 2304 347 2333 L.
496 2303 538 2333 23
567 2299 729 2343 speciem
753 2300 899 2344 εειίΡειε
927 2299 1085 2333 formam
1111 2301 1150 2332 A.
1249 2301 1293 2331 25
1321 2298 1478 2343 ceteras]

129 2347 260 2381 ceteris
287 2352 312 2380 P
340 2359 456 2392 772.pr.
