1610 2522
358 115 692 153 HISTORIARUM
720 114 1003 149 ALEXANDRI
1033 114 1124 153 VIII,
1155 118 1206 148 13.
1374 113 1458 153 299

109 228 458 279 conserebantur,
499 230 542 268 et
582 230 759 279 uterque
804 239 876 265 rex
918 238 1072 277 parvae
1113 224 1172 264 rei
1218 222 1462 263 discrimine

109 302 299 329 summae
320 287 615 341 experiebatur
635 287 845 326 eventum.
899 282 1094 324 Ceterum
1116 283 1160 323 in
1180 281 1461 323 Macedonum
1491 291 1534 321 13

111 348 298 388 exercitu
332 347 571 388 temeritate
603 348 731 399 atque
763 343 939 384 audacia
972 343 1159 397 insignes
1186 342 1303 382 fuere
1326 340 1462 396 Hege-

110 408 322 448 simachus
355 410 397 447 et
427 406 628 458 Nicanor,
660 403 824 445 nobiles
858 403 1029 443 iuvenes
1063 405 1104 443 et
1133 404 1338 455 perpetua
1370 415 1463 454 par-

75 485 89 509 5
111 467 217 507 tium
244 466 445 507 felicitate
472 465 524 506 ad
551 463 833 519 spernendum
866 477 991 503 omne
1016 461 1254 516 periculum
1281 460 1464 501 accensi:

111 526 205 580 quis
227 525 404 567 ducibus
425 523 733 579 promptissimi
765 523 964 563 iuvenum
985 521 1142 562 lanceis
1163 521 1289 561 modo
1312 519 1464 560 armati
1494 529 1535 559 14

111 589 384 626 transnavere
416 585 459 625 in
491 583 687 637 insulam,
721 597 847 636 quam
880 581 1079 634 frequens
1112 580 1248 621 hostis
1282 580 1465 631 tenebat,

112 644 355 698 multosque
385 642 586 684 Indorum
619 644 737 683 nulla
768 657 811 682 re
852 641 1002 681 melius
1036 655 1163 694 quam
1197 639 1372 680 audacia
1404 654 1466 679 ar-

112 704 215 744 mati
247 704 564 744 interemerunt.
615 701 747 742 Abire
780 716 875 743 cum
909 700 1046 755 gloria
1071 702 1281 754 poterant,
1314 699 1349 739 si
1375 713 1467 738 um·
1495 708 1536 738 15

59 781 92 806 ιο
113 778 240 816 quam
271 763 485 804 temeritas
510 762 613 802 felix
639 762 847 802 inveniret
873 760 1067 800 modum:
1099 759 1169 799 sed
1198 759 1298 799 dum
1326 772 1467 811 super—

113 823 330 863 venientes
379 822 658 875 contemptim
703 823 744 860 et
789 819 969 873 superbe
1015 832 1183 873 quoque
1229 820 1468 871 expectant,

113 882 391 923 circumventi
424 881 474 922 ab
510 881 579 932 iis,
622 880 696 934 qui
729 879 885 920 occulti
917 880 1162 930 enaverant‚
1197 878 1363 918 eminus
1396 876 1467 918 ob-

114 942 199 982 ruti
245 941 341 982 telis
387 943 496 982 sunt.
561 939 643 990 Qui
687 939 925 993 effugerant
962 938 1148 990 hostem,
1194 940 1267 977 aut
1306 937 1467 990 impetu
1498 946 1539 976 16

43 1004 92 1039 46
114 1001 249 1042 amnis
276 1000 408 1041 ablati
435 1003 533 1041 sunt
560 1002 633 1040 aut
660 998 890 1040 verticibus
918 997 1114 1051 inpliciti.
1152 996 1302 1050 anue
1326 1010 1470 1051 pugna

61 1078 92 1103 15
114 1060 297 1100 multum
329 1059 431 1100 Pori
469 1059 670 1100 fiduciam
710 1059 842 1098 erexit
885 1060 1035 1097 cuncta
1068 1056 1277 1097 cernentis
1312 1071 1333 1096 e
1366 1055 1468 1109 ripa.

113 1119 355 1160 Alexander
393 1119 515 1172 inops
548 1118 716 1160 consilii
748 1117 919 1158 tandem
953 1116 1005 1157 ad
1037 1116 1270 1157 fallendum
1303 1115 1469 1156 hostem
1499 1125 1540 1155 17

116 1179 244 1219 talem
278 1178 422 1219 dolum
455 1178 650 1219 intendit.
700 1177 808 1218 Erat
840 1175 978 1217 insula
1010 1176 1055 1216 in
1086 1176 1261 1216 flumine
1289 1175 1471 1228 amplior

116 1238 280 1292 ceteris,
313 1238 498 1279 silvetris
531 1237 677 1278 eadem
710 1240 751 1278 et
784 1236 978 1292 tegendis
1011 1235 1178 1276 insidiis
1211 1237 1321 1288 apta,
1357 1235 1471 1275 fossa

117 1312 286 1352 quoque
318 1297 510 1351 praealta
540 1297 654 1337 haud
686 1295 836 1351 procul
866 1296 972 1350 ripa,
1006 1309 1132 1348 quam
1164 1294 1338 1334 tenebat
1370 1294 1470 1347 ipse,

63 1374 96 1399 20
115 1372 201 1398 non
233 1357 398 1411 pedites
432 1357 570 1410 modo,
610 1356 683 1397 sed
716 1356 844 1396 etiam
876 1369 972 1396 cum
1005 1355 1124 1408 equis
1157 1354 1270 1394 viros
1303 1355 1473 1407 poterat

116 1416 391 1457 abscondere:
436 1416 569 1472 igitur
605 1418 653 1456 ut
685 1430 709 1455 a
741 1414 934 1456 custodia
974 1413 1101 1455 huius
1136 1412 1471 1467 opportunitatis
1500 1422 1542 1453 18

118 1476 264 1517 oculos
295 1475 486 1517 hostium
512 1477 732 1527 averteret,
764 1474 1061 1515 Ptolomaeum
1092 1473 1290 1514 omnibus
1318 1473 1471 1513 turmis

119 1535 367 1588 obequitare
406 1535 532 1575 iussit
569 1534 719 1589 procul
756 1533 894 1574 insula
930 1536 970 1573 et
1008 1532 1186 1573 subinde
1224 1530 1352 1572 Indos
1392 1531 1472 1572 cla-

118 1609 236 1635 more
279 1598 455 1646 terrere,
500 1594 621 1647 quasi
665 1593 825 1634 flumen
868 1595 1165 1633 transnaturus
1206 1591 1328 1632 foret.
1390 1591 1473 1632 Per
1503 1602 1542 1632 19

64 1671 98 1696 25
119 1653 346 1707 conplures
379 1654 468 1694 dies
500 1653 774 1694 Ptolomaeus
807 1652 851 1693 id
882 1651 983 1693 fecit
1016 1665 1150 1705 eoque
1183 1650 1362 1692 consilio
1395 1650 1472 1691 Po-

118 1728 212 1753 rum
258 1727 427 1767 quoque
471 1727 624 1769 agmen
669 1727 792 1753 suum
838 1711 874 1752 ei
913 1711 1042 1766 parti,
1088 1725 1216 1764 quam
1255 1724 1298 1751 se
1330 1713 1472 1764 petere

214 1810 233 1838 3
262 1806 390 1852 atque]
418 1806 539 1850 adque
565 1809 601 1839 L.
719 1805 894 1850 audacia]
922 1804 1076 1838 audatia
1102 1808 1142 1847 V,
1169 1803 1319 1838 audicia
1345 1806 1382 1845 B,
1410 1815 1475 1836 au-

120 1854 226 1888 dacie
251 1858 287 1887 L.
396 1853 705 1898 Hegesimachus]
733 1853 919 1886 simachus
948 1856 969 1885 C
996 1853 1173 1898 [simacus
1199 1851 1252 1897 L].
1361 1855 1381 1883 4
1408 1850 1473 1884 Ni-

119 1901 246 1947 canor]
272 1901 452 1935 nichanor
471 1904 545 1934 FV.
619 1901 798 1946 partium]
818 1901 986 1944 parcium
1006 1904 1031 1933 L
1053 1912 1096 1933 m.
1112 1911 1170 1944 pr.
1192 1902 1231 1932 V.
1309 1902 1326 1931 Τ
1354 1899 1472 1932 trans-

119 1949 268 1994 navere]
294 1950 516 1983 trannauere
542 1952 578 1981 L.
695 1948 829 1993 hostis]
856 1947 946 1982 ostis
973 1951 1045 1981 LV.
1163 1950 1183 1981 8
1211 1945 1384 1991 audacia]
1411 1957 1475 1979 au-

119 1995 223 2030 datia
249 2000 321 2030 LV.
422 2000 464 2030 10
490 1995 596 2041 felix]
622 1995 752 2029 infelix
779 2000 811 2029 G.
919 1999 960 2029 12
988 1994 1229 2029 circumventi
1256 1998 1289 2028 1:
1318 1994 1474 2027 circum-

120 2044 286 2078 uenienti
312 2047 338 2076 B
358 2056 403 2078 m.
420 2055 478 2088 pr.
500 2047 559 2076 FL
579 2055 623 2077 m.
641 2055 699 2087 pr.
720 2047 804 2077 Pm.
824 2054 879 2086 pr.
901 2046 930 2075 V
953 2055 995 2077 m.
1012 2054 1070 2087 pr.
1205 2042 1252 2075 iis
1278 2045 1312 2075 I:
1349 2041 1407 2074 his
1435 2043 1473 2073 A.

123 2094 164 2124 13
185 2091 345 2137 hostem]
360 2092 478 2125 ostem
492 2094 528 2124 L.
598 2095 641 2124 14
655 2090 858 2124 verticibus
874 2095 912 2124 C:
933 2089 1141 2124 uorticibus
1155 2093 1191 2122 P.
1260 2093 1301 2122 15
1324 2088 1474 2133 cuncta]

121 2138 318 2172 coniuncta
343 2143 379 2173 P.
463 2142 503 2172 17
531 2138 694 2172 intendit
719 2150 784 2173 om.
806 2141 834 2170 V
854 2149 898 2172 m.
915 2149 974 2181 pr.
1054 2141 1095 2170 '21
1124 2137 1181 2182 ut]
1209 2147 1274 2171 om.
1296 2140 1321 2168 P
1341 2148 1386 2170 m..
1402 2148 1474 2180 pr„

121 2184 222 2218 haud
247 2189 287 2221 V,
387 2197 407 2219 a
435 2185 619 2231 custodia]
648 2185 819 2219 custodia
843 2189 882 2218 V.
989 2184 1298 2229 opportunitatis]
1325 2186 1475 2228 oportu-

122 2232 251 2267 nitatis
279 2237 300 2266 G
326 2233 578 2279 [oportunitas
603 2233 659 2278 V].
807 2236 850 2266 22
884 2232 1142 2266 Ptolomaeum
1173 2232 1320 2275 scripsi:
1354 2230 1475 2275 ptolo-

123 2290 244 2313 meum
265 2285 299 2323 c,
325 2280 580 2325 ptholomeum
600 2284 637 2314 P.
737 2283 780 2313 23
808 2279 945 2325 insula]
972 2280 1011 2313 in
1038 2279 1115 2313 salo
1143 2278 1266 2312 insula
1292 2282 1330 2320 F,
1356 2280 1393 2312 in
1417 2281 1475 2310 BL

122 2327 161 2360 in
188 2327 266 2361 salo
286 2340 308 2362 α
335 2339 424 2362 corr.
445 2329 482 2362 in
511 2329 676 2373 num-,qim
695 2328 780 2362 add.
857 2331 900 2361 25
927 2327 1163 2361 Ptolomaeus
1183 2327 1328 2369 scripsi:
1356 2325 1474 2369 ptolo-

123 2386 225 2408 meus
253 2379 286 2418 c,
312 2375 547 2419 ptholomeus
574 2379 608 2408 P.
