1610 2522
95 310 139 340 23

96 668 139 697 25

95 1435 144 1469 lV

174 71 222 111 1⁵2
673 76 710 113 Q.
740 72 881 107 CVRTI
913 72 1017 106 RUFI

168 181 272 234 bini,
311 196 460 222 currus
495 181 685 235 vehebat,
725 185 765 222 et
801 182 840 222 in
875 181 958 223 alio
998 185 1089 223 erat
1127 183 1322 224 coniunx.
1373 181 1517 224 Turba

168 241 419 282 feminarum
485 241 650 296 reginas
714 241 1009 282 comitantium
1073 241 1193 296 equis
1258 241 1516 284 vectabatur.

168 299 417 349 Quindecim
445 300 606 354 deinde,
640 315 745 355 quas
772 316 1035 342 armamaxas
1062 301 1345 356 appellabant,
1372 316 1515 356 seque-

168 360 339 401 bantur:
380 361 420 400 in
461 360 527 401 his
566 362 685 401 erant
724 360 845 401 liberi
890 360 1000 415 regis
1039 363 1097 414 et,
1137 376 1242 415 quae
1282 361 1517 402 educabant

168 433 250 472 eos,
284 420 605 474 spadonumque
638 434 754 474 grex,
786 419 899 461 haud
933 434 1032 461 saue
1066 420 1150 461 illis
1177 420 1375 473 gentibus
1408 420 1515 462 vilis.
1556 438 1570 463 5

167 477 275 520 Tum
311 480 450 535 regiae
482 479 640 533 pelices
674 482 884 520 trecentae
917 482 958 520 et
992 481 1211 534 sexaginta
1244 479 1517 534 vehebantur,

168 541 209 579 et
244 538 357 593 ipsae
391 538 524 594 regali
559 538 675 580 cultu
709 542 957 593 ornatuque.
1021 538 1125 580 Post
1158 554 1261 594 quas
1294 539 1515 593 pecuniam

169 598 280 653 regis
315 597 500 639 sexcenti
542 598 645 639 muli
686 600 725 639 et
760 599 935 640 trecenti
972 598 1117 640 cameli
1155 598 1362 640 vehebant
1402 614 1517 654 prae—

168 657 275 698 sidio
316 658 636 713 sagittariomm
676 661 967 713 prosequente.
1031 657 1374 712 Propinquorum
1417 658 1517 700 ami-

168 732 398 771 corumque
432 717 636 773 coniuges
674 717 775 759 huic
808 718 964 774 agmini
1000 719 1218 772 proximae
1251 717 1517 773 lixarumque
1539 736 1572 761 10

168 780 209 818 et
242 778 438 819 calonum
464 792 616 833 greges
643 777 916 819 vehebantur.
980 777 1131 819 Ultimi
1161 781 1280 819 erant
1307 792 1402 819 cum
1431 778 1518 819 suis

168 836 348 891 quisque
388 837 582 891 ducibus,
625 837 698 891 qui
732 841 932 892 cogerent
965 852 1133 891 agmen,
1172 837 1323 879 leviter
1355 839 1517 879 armati.

170 895 329 938 Contra
373 897 407 937 si
448 897 544 951 quis
587 897 718 938 aciem
759 896 1037 938 Macedonum
1076 897 1332 951 intueretur,
1376 897 1518 952 dispar

168 955 297 997 facies
325 959 415 998 erat
442 957 562 1011 equis
584 957 771 1011 virisque
798 971 881 999 non
910 971 1025 1011 auro,
1052 971 1138 998 non
1165 956 1363 998 discolori
1390 959 1518 1012 veste,

167 1016 237 1056 scd
265 1016 377 1058 ferro
405 1019 532 1070 atque
559 1031 654 1057 aere
681 1016 963 1072 fulgentibus:
997 1031 1147 1072 agmen
1181 1019 1223 1058 et
1256 1020 1366 1058 stare
1399 1032 1516 1071 para·
1539 1034 1571 1059 15

168 1078 257 1117 tum
291 1079 332 1117 et
365 1076 495 1130 sequi,
529 1091 602 1118 nec
636 1076 761 1117 turba
794 1090 868 1118 nec
900 1076 1077 1117 sarcinis
1110 1091 1353 1131 praegrave,
1385 1077 1517 1118 inten-

168 1138 258 1177 tum
302 1136 352 1176 ad
396 1136 513 1177 ducis
556 1151 641 1176 non
681 1136 849 1191 signum
894 1136 1036 1188 modo,
1075 1135 1147 1177 sed
1185 1136 1311 1177 etiam
1352 1139 1516 1178 nutum.

168 1194 223 1235 Et
264 1195 416 1237 castris
454 1195 572 1237 locus
611 1199 653 1236 et
686 1195 889 1237 exercitui
923 1199 1182 1237 commeatus
1221 1195 1516 1250 suppetebant.

168 1254 281 1308 Ergo
326 1254 570 1296 Alexantho
623 1256 665 1296 in
710 1255 797 1296 acie
842 1255 963 1296 miles
1008 1270 1091 1296 non
1138 1255 1290 1308 defuit,
1340 1255 1517 1310 Dareus,

167 1317 309 1355 tantae
331 1315 619 1356 multitudinis
646 1330 730 1369 rex,
757 1315 852 1368 loci,
880 1315 920 1355 in
950 1330 1032 1380 quo
1062 1314 1279 1369 pugnavit,
1306 1315 1517 1371 angustiis
1538 1332 1571 1357 20

169 1374 253 1415 red
254 1377 361 1416 ictus
389 1377 453 1415 est·
474 1375 525 1416 ad
541 1375 809 1428 paucitatem,
838 1389 963 1429 quam
985 1374 1026 1415 in
1049 1373 1171 1416 hoste
1193 1377 1515 1429 contempserat.

257 1433 423 1475 Interea
461 1434 703 1476 Alexander
743 1434 1034 1476 Sabistamene
1068 1434 1358 1499 Cappadociae
1403 1449 1518 1488 prae·
1539 1437 1561 1472 9

168 1493 308 1547 posito
334 1494 524 1535 Celiciam
547 1497 695 1560 petens
722 1509 814 1535 cum
838 1494 1036 1535 omnibus
1057 1493 1190 1547 copiis
1225 1508 1267 1535 m
1289 1493 1517 1548 regionem,

168 1568 274 1607 quae
309 1552 457 1594 Castia
497 1552 527 1591 (
520 1554 596 1608 y1i
637 1553 894 1608 appellatur,
933 1556 1198 1608 pervenerzat
1237 1553 1393 1595 stativa
1430 1553 1516 1595 illic

167 1612 372 1654 habuerat
420 1612 574 1667 Cyrus,
620 1628 713 1654 cum
757 1613 956 1655 adversus
1001 1612 1202 1654 Croesum
1250 1613 1291 1653 in
1339 1612 1516 1667 Lydiam
1538 1630 1570 1655 25

168 1672 349 1714 duceret.
413 1673 572 1714 Aberat
599 1687 646 1714 ea
672 1673 790 1728 regio
813 1672 1124 1727 quinquaginta
1151 1672 1287 1713 stadia
1313 1672 1365 1712 ab
1387 1673 1516 1724 aditu,

168 1746 252 1786 quo
287 1732 479 1774 Ciliciam
507 1733 731 1774 intramus:
765 1732 893 1786 Pylas
920 1731 1081 1772 incolae
1109 1731 1255 1773 dic-unt
1281 1732 1516 1774 artissimas

265 1914 279 1942 1
309 1909 484 1954 vehebat}
506 1909 692 1943 uehebant
712 1913 736 1942 P
759 1921 868 1954 impr.
968 1908 1125 1942 coniunx
1144 1909 1307 1943 Merula:
1329 1908 1461 1942 coniux
1477 1912 1515 1942 A.

168 1961 187 1989 3
215 1967 445 1991 armamaxas
475 1958 703 1992 Francinns:
731 1968 949 1991 armanaxas
970 1960 1008 1989 A.
1085 1960 1104 1989 4
1131 1966 1225 1999 quae
1252 1959 1292 1989 P:
1321 1956 1385 1999 qui
1412 1959 1443 1989 C.

167 2004 375 2038 educabant
398 2008 423 2038 B
446 2018 487 2039 m.
502 2017 584 2039 sest:
607 2004 834 2039 ‹lucabantB
857 2017 899 2039 m.
913 2016 968 2048 pr.
984 2007 1009 2037 L
1023 2015 1125 2044 corin,
1146 2003 1370 2037 ducebantL
1392 2016 1434 2037 m.
1449 2015 1516 2047 pr..

167 2052 375 2086 educebant
397 2056 421 2085 P
450 2066 492 2086 m.
508 2065 567 2097 pr.
588 2056 616 2085 V
639 2055 674 2087 in
698 2065 767 2087 ras.
857 2057 876 2085 5
904 2051 1020 2097 haud]
1047 2053 1111 2085 aut
1131 2055 1156 2084 P
1178 2064 1219 2085 m.
1240 2063 1293 2094 pr.
1382 2055 1401 2085 6
1422 2051 1515 2085 Tum

169 2100 333 2134 Illerulat
363 2102 449 2134 tunc
476 2103 514 2133 A.
598 2104 615 2133 7
643 2100 746 2144 ipsae
783 2099 1010 2134 Vindelinus:
1038 2099 1110 2143 ipsi
1131 2102 1169 2132 A.
1260 2102 1300 2132 10
1326 2099 1515 2143 proximae

176 2147 406 2182 Vz'mlelinus:
434 2148 598 2192 proxime
626 2150 665 2182 A.
742 2153 783 2182 14
811 2148 926 2182 facies
953 2148 1120 2189 Scheffer:
1149 2146 1246 2180 acies
1272 2149 1310 2179 A.
1388 2149 1430 2180 22
1452 2146 1515 2181 Sa-

167 2194 372 2229 bistamene
392 2197 537 2240 scripsi:
560 2195 815 2230 abhistamene
830 2199 869 2229 A.
944 2194 1217 2239 Cappadociae]
1239 2193 1460 2238 capadociae
1482 2198 1514 2228 c.

168 2246 210 2276 ‘23
241 2243 409 2277 Ciliciam
432 2243 591 2278 Gimzta:
619 2243 735 2284 eciam
761 2246 798 2276 A.
886 2243 920 2276 in
951 2242 1138 2286 regionem
1160 2241 1293 2276 Aldus:
1324 2242 1365 2275 in
1387 2253 1453 2276 om.
1476 2245 1513 2275 A.

169 2293 211 2323 26
239 2290 376 2336 stadia}
407 2291 531 2325 studia
560 2294 594 2324 P.
695 2294 737 2324 27
766 2290 932 2324 Ciliciam
964 2290 1135 2324 Zarotus:
1173 2288 1329 2323 cilitiam
1359 2292 1395 2330 P,
1425 2289 1514 2333 cyli-

168 2338 263 2371 ciam
286 2342 317 2371 C.
417 2339 526 2383 Pylas
554 2338 689 2374 Aldus:
717 2337 813 2384 pilas
840 2341 878 2371 A.
