1610 2522
21 768 53 791 10

22 1063 54 1089 15

23 1362 56 1386 ‘20

332 101 666 136 Hisrsinhxlwn
695 101 975 135 ALEXANDRI
1003 101 1079 139 ῙῙΙῙ,
1109 105 1161 137 10.
1368 102 1420 143 77

71 212 121 252 ad
156 226 253 253 suos
287 211 391 252 alios
425 211 589 265 cecidit,
622 211 733 265 cepit
764 210 888 252 alios:
923 211 1170 265 equitesque
1203 212 1423 266 praemisit

72 271 348 325 speculatum,
383 272 510 312 simul
542 274 589 312 ut
622 272 775 325 ignem,
815 285 898 325 quo
932 270 1099 312 barbari
1133 275 1423 312 cremaverant

73 332 207 384 vicos,
254 331 563 386 extinguerent.
628 330 794 384 Quippe
838 330 1051 385 fugientes
1095 331 1253 385 raptim
1299 332 1422 373 tectis

72 391 314 444 acervisque
347 391 550 431 frumenti
585 390 816 432 iniecerant
848 390 1060 444 flammas,
1101 406 1208 444 quae
1243 406 1337 431 cum
1381 391 1422 431 in

38 469 48 483 r
73 465 238 491 summo
272 449 520 503 haesissent,
553 449 603 490 ad
638 450 838 490 inferiora
870 450 1060 490 nondum
1087 453 1424 503 penetraverant.

72 509 275 551 Extincto
310 510 442 564 igitur
476 509 573 564 igne
600 510 831 562 plurimum
859 509 1063 550 frumenti
1091 512 1304 564 repertum
1341 514 1424 551 est:

74 570 195 623 copia
229 569 405 610 aliarum
441 583 609 623 quoque
642 583 781 609 rerum
809 569 1023 610 abundare
1056 573 1298 624 coeperunt.
1362 570 1425 610 Ea

73 644 137 669 res
178 629 271 682 ipsa
303 628 430 669 militi
471 629 522 668 ad
554 628 894 683 persequendum
935 628 1100 670 hostem
1136 630 1325 670 animum
1366 630 1425 670 in-

74 689 232 729 cendit:
267 689 425 742 quippe
453 691 600 728 urente
634 691 675 729 et
701 687 934 742 populante
967 703 1015 730 eo
1043 692 1197 730 terram
1225 689 1426 730 festinan-

74 748 174 788 dum
201 750 302 801 erat,
329 763 380 788 ne
408 748 601 788 incendio
630 750 781 789 cuncta
807 749 1080 802 praeciperet.
1142 748 1192 789 In
1218 750 1426 790 rationem

75 822 174 862 ergo
207 809 436 849 necessitas
470 822 590 848 versa
629 810 708 849 est:
749 809 908 862 quippe
941 808 1149 862 Mazaeus,
1192 809 1263 862 qui
1304 812 1428 850 antea

76 882 149 921 per
176 867 310 908 otium
340 868 454 907 vicos
478 867 732 920 incenderat,
758 867 841 908 iam
869 867 1017 922 fugere
1045 870 1268 909 contentus
1296 868 1428 922 plera-

75 941 155 980 que
189 926 394 967 inviolata
431 927 545 967 hosti
583 926 767 980 reliquit.
831 926 1072 968 Alexander
1111 928 1223 968 haud
1256 928 1427 982 longius
1480 938 1494 966 s

76 997 131 1026 (ἰ
166 986 312 1027 stadiis
346 986 530 1026 Dareum
571 1001 594 1026 a
633 1001 676 1027 se
709 986 855 1027 abesse
889 990 1153 1041 conpererat:
1193 988 1336 1042 itaque
1376 988 1427 1027 ad

76 1046 314 1086 satietatem
351 1060 520 1099 quoque
559 1047 682 1100 copia
715 1050 1027 1087 commeatuum
1062 1047 1295 1088 instructus
1329 1062 1428 1100 qna-

76 1105 225 1146 driduo
260 1106 302 1145 in
336 1105 484 1146 eodem
517 1106 611 1146 loco
645 1105 848 1147 substitit.

163 1163 426 1219 Interceptae
453 1165 602 1205 deinde
623 1165 751 1206 Darei
771 1165 938 1206 litterae
966 1169 1076 1219 sunt,
1104 1167 1257 1220 quibus
1280 1165 1428 1207 Graeci

75 1224 232 1265 milites
266 1225 619 1278 sollicitabantur,
660 1228 708 1265 ut
741 1239 883 1280 regem
925 1228 997 1266 aut
1031 1225 1319 1268 interficerent
1357 1230 1429 1266 aut

75 1283 315 1338 proderent,
349 1284 655 1338 dubitavitque,
689 1300 742 1324 an
776 1300 844 1325 eas
877 1300 954 1338 pro
989 1286 1187 1326 contione
1219 1286 1430 1339 recitaret,

77 1344 179 1384 satis
208 1343 391 1385 confisus
421 1343 678 1385 Graecorum
713 1359 881 1398 quoque
915 1359 1015 1399 erga
1048 1359 1091 1386 se
1118 1345 1429 1386 benivolentiae

77 1418 124 1445 ac
169 1403 277 1444 fidei.
364 1402 445 1444 Sed
488 1403 715 1444 Parmenio
763 1404 966 1445 deterruit
1011 1419 1092 1446 uon
1138 1419 1227 1445 esse
1272 1405 1430 1446 talibus

75 1463 299 1516 promissis
341 1462 575 1504 inbuendas
614 1478 734 1504 aures
775 1463 960 1504 militum
1000 1464 1244 1505 adfirmans:
1288 1468 1430 1519 patere

77 1521 142 1563 vel
188 1523 313 1563 unius
358 1522 524 1563 insidiis
568 1537 725 1578 regem,
768 1522 879 1564 nihil
922 1524 1041 1564 nefas
1084 1538 1175 1565 esse
1218 1525 1429 1565 avaritiae.

78 1580 256 1622 Secutus
297 1581 463 1622 consilii
497 1585 712 1623 auctorem
753 1586 889 1624 castra
928 1583 1074 1624 movit.
1138 1582 1225 1624 Iter
1256 1584 1430 1625 facienti

23 1659 37 1683 ‘2
78 1640 208 1694 spado
259 1656 281 1681 e
326 1642 523 1695 captivis,
578 1643 651 1696 qui
696 1641 823 1683 Darei
873 1657 1049 1684 uxorem
1103 1644 1430 1698 comitabantur.

78 1700 255 1741 deficere
291 1715 381 1741 eam
419 1702 588 1742 nuntiat
625 1705 665 1742 et
700 1702 771 1743 vix
799 1702 998 1756 spiritum
1035 1702 1197 1745 ducere.
1261 1702 1430 1744 Itineris

77 1760 269 1801 continui
319 1761 463 1801 labore
515 1761 730 1815 animique
776 1762 1042 1817 aegritudine
1092 1763 1272 1818 fatigata
1323 1764 1432 1804 inter

78 1834 223 1860 socrus
251 1822 291 1859 et
312 1821 527 1875 virginum
548 1821 733 1862 filiarum
754 1836 903 1863 manus
931 1823 1131 1876 conlapsa
1152 1825 1255 1876 erat,
1282 1822 1431 1863 deinde

172 1941 189 1969 1
217 1936 332 1982 cepit]
361 1937 483 1980 coepit
509 1941 614 1973 FLV.
762 1942 779 1971 7
809 1938 1012 1983 abundare]
1047 1939 1263 1973 habundare
1291 1943 1431 1972 FLPV.

76 1986 95 2016 8
122 1983 220 2029 ipsa]
247 1983 319 2028 ipsi
345 1988 382 2018 F.
482 1989 522 2019 11
551 1985 724 2019 Mazaeus
750 1987 886 2020 Aldus:
914 1998 1061 2020 mazeus
1088 1990 1127 2020 A.
1228 1991 1270 2021 12
1298 1987 1431 2032 otium]

76 2031 217 2065 osstium
231 2035 267 2074 P,
289 2031 410 2065 ocium
424 2035 462 2066 V.
532 2033 646 2079 vicos]
661 2033 763 2067 uocis
779 2038 803 2066 P
817 2046 930 2078 ¹napi:
1002 2038 1044 2068 15
1067 2035 1295 2080 satietatem]
1318 2035 1433 2069 sacie-

75 2079 193 2112 tatem
213 2082 284 2114 PV.
373 2081 661 2126 commeatuum]
690 2083 935 2115 commeatum
959 2085 984 2114 P
1005 2094 1048 2115 m.
1064 2094 1122 2126 pr.
1208 2081 1431 2127 quadriduo]

1456 760 1497 788 14

1459 1176 1500 1206 16

1460 1596 1501 1625 153

1460 1716 1502 1745 19

77 2126 274 2169 quatriduo
303 2130 334 2160 C.
421 2131 462 2160 16
491 2127 675 2173 substitit]
703 2129 871 2163 subsistit
898 2133 924 2161 F
944 2141 989 2163 m.
1006 2141 1064 2173 pr.
1086 2133 1124 2163 V.
1215 2133 1256 2163 17
1285 2129 1431 2174 Graeci]
1486 2164 1491 2171 ,

77 2174 198 2216 grecie
219 2178 245 2206 F
268 2186 310 2209 m.
327 2186 385 2218 pr.
463 2178 504 2208 19
533 2176 720 2221 contione]
743 2176 981 2210 contentione
1002 2181 1027 2209 F
1050 2189 1091 2210 m.
1109 2188 1181 2221 pr..
1202 2177 1378 2211 concione
1396 2181 1430 2210 P.

78 2224 121 2254 20
149 2222 321 2267 confisus]
353 2222 515 2256 confusis
546 2226 571 2256 B
604 2236 644 2257 m.
670 2235 726 2267 pr.
859 2228 900 2257 21
934 2223 1022 2270 Sed]
1052 2224 1116 2258 sed
1152 2228 1186 2258 et
1206 2228 1231 2257 B
1258 2237 1299 2259 111.
1323 2236 1385 2259 sec.
1408 2229 1433 2257 P

79 2280 120 2301 m.
145 2279 208 2303 sec.
284 2269 493 2315 Parmenio]
514 2271 728 2314 pai-moenio
750 2276 781 2305 C.
856 2283 942 2306 ‘non
969 2273 1052 2306 add.
1076 2272 1239 2307 Illa-lius.
1315 2276 1357 2306 24
1379 2273 1432 2306 fa-

78 2315 207 2361 cienti]
234 2316 394 2350 faciente
421 2321 447 2350 F
467 2330 511 2351 m.
528 2330 600 2362 pin,
626 2318 787 2352 faciendi
809 2323 843 2353 L.
968 2323 1012 2353 25
1039 2320 1074 2365 e]
1102 2321 1137 2353 et
1158 2323 1221 2353 FV
1243 2332 1284 2353 m.
1302 2331 1359 2363 pr.

78 2362 157 2408 qui]
185 2375 257 2406 qua
284 2367 319 2398 P.
419 2365 710 2411 comitabantur]
739 2367 1070 2401 committabantur
1095 2370 1133 2401 V.
