1610 2522
68 310 108 338 1⁸

136 68 192 108 30
641 72 680 110 Q.
708 71 733 103 C
741 69 767 103 U
774 69 851 104 R'rl
881 70 940 104 ltU
949 71 990 104 1⁴¹1

137 178 280 231 copias
314 183 535 220 numerat?
597 178 847 233 Agebantur
879 194 978 235 ergo
1013 198 1035 221 a
1068 184 1152 221 tani
1188 183 1333 236 paucis
1367 197 1488 237 peco-

138 253 229 278 rum
253 238 390 291 modo,
418 241 458 279 et
481 238 589 279 idem
613 242 761 292 metus,
789 240 862 293 qui
889 240 1067 295 cogebat
1090 242 1247 295 fugere,
1275 243 1486 296 fugientes

139 298 392 338 morabatur.
450 297 507 338 At
536 297 695 348 Graeci,
728 299 799 352 qui
829 299 869 339 in
899 298 1025 340 Darei
1053 300 1244 354 partibus
1272 305 1486 355 steterant,

136 355 323 411 Amynta
367 357 470 399 duee
507 383 557 386 -
594 362 762 412 praetor
803 358 869 399 hic
913 358 1141 400 Alexandri
1185 360 1340 414 fuerat,
1386 364 1487 403 tunc

136 416 358 471 transfuga
392 442 444 446 —
479 417 649 471 abrupti
689 434 712 458 a
752 418 901 458 ceteris
940 417 1053 459 haud
1092 433 1191 460 sane
1223 420 1487 475 fugientibus

135 477 295 517 similes
317 480 544 518 evaserant.
598 477 772 518 Barbari
804 477 929 533 longe
956 478 1164 519 diversam
1187 480 1331 534 fugam
1352 480 1485 521 inten-

90 548 98 577 .’
136 536 304 576 derunt:
356 535 446 588 alii,
492 552 573 590 qua
623 541 779 577 rectum
828 538 906 578 iter
949 538 989 578 in
1035 537 1248 580 Persidem
1294 539 1487 592 ducebat,

136 594 306 648 quidam
350 596 574 636 circumitu
618 611 742 650 rupes
784 596 1002 651 saltusque
1045 598 1252 638 montium
1297 599 1486 641 occultos

135 655 338 708 petivere,
383 657 507 709 pauni
554 659 691 697 eastra
736 655 873 697 Darei.
947 654 1027 697 Sed
1072 658 1154 698 iam
1200 658 1271 698 illa
1317 673 1485 712 quoque

135 716 270 755 victor
301 715 534 756 intraverat
561 717 677 757 omni
710 716 880 770 quidem
908 715 1127 771 opulentia
1159 717 1273 758 ditia.
1329 716 1484 771 Ingens

134 774 226 814 auri
259 775 509 829 argentique
542 775 727 829 pondus,
760 790 843 817 non
879 776 997 830 belli,
1030 776 1100 817 sed
1134 776 1326 818 luxuriae
1359 792 1484 832 appa-

134 837 283 887 ratum,
311 834 573 888 diripuerant
600 835 769 889 milites,
797 849 977 889 cumque
1004 835 1099 889 plus
1125 840 1335 890 raperent,
1361 851 1482 889 quam

132 908 274 946 rapere
306 898 489 948 possent,
531 896 691 948 passim
733 898 864 936 strata
906 900 1025 936 erant
1070 895 1221 937 itinera
1263 897 1484 938 vilioribus

133 953 326 1006 sarcinis,
367 968 470 1008 quas
505 955 549 995 in
581 955 883 1010 eonparatione
922 955 1145 996 meliorum
1179 956 1358 998 avaritia
1389 971 1483 997 con-

132 1016 373 1067 tempserat.
436 1012 612 1068 Iamque
644 1015 695 1056 ad
727 1015 906 1056 feminas
941 1018 1188 1069 perventum
1222 1019 1320 1057 erat.
1387 1017 1485 1064 Qui-

134 1071 211 1113 bus
252 1088 335 1126 quo
378 1074 539 1114 cariora
581 1077 828 1115 ornamenta
871 1078 986 1124 sunt,
1030 1074 1258 1116 violent-ius
1297 1075 1484 1117 detrahe-

136 1132 304 1173 bantur:
344 1148 395 1173 ne
427 1133 678 1187 corporibus
718 1134 886 1189 quidem
928 1134 989 1175 vis
1029 1148 1076 1175 ac
1108 1134 1240 1176 libido
1273 1135 1484 1188 parcebat.

134 1192 259 1232 Omni
292 1191 466 1246 planetu
504 1193 793 1248 tumultuque,
831 1198 959 1247 prout
997 1195 1148 1248 cuique
1181 1195 1353 1235 fortuna
1384 1199 1485 1247 erat,

133 1255 267 1293 castra
295 1253 572 1307 repleverant,
604 1268 679 1294 nee
707 1253 794 1294 ulla
821 1254 947 1294 facies
976 1253 1074 1294 mali
1103 1254 1256 1307 deerat,
1289 1268 1382 1296 eum
1409 1269 1485 1308 per

132 1326 278 1353 omnes
311 1312 479 1353 ordines
507 1316 751 1367 aetatesque
778 1313 951 1354 victoris
981 1312 1207 1354 crudelitas
1234 1327 1281 1354 ac
1313 1313 1485 1355 lieentia

131 1375 367 1425 vagaretur.
425 1371 544 1413 Tune
577 1387 674 1414 vero
709 1373 941 1428 inpotentis
970 1372 1165 1414 fortunae
1198 1374 1356 1427 speeies
1389 1387 1484 1415 con-

132 1431 238 1484 spici
271 1431 432 1486 potuit,
465 1446 560 1473 eum
594 1433 642 1485 ii,
675 1433 747 1485 qui
780 1432 918 1474 Dareo
958 1433 1279 1474 tabernaculum
1311 1447 1484 1474 exorna-

131 1494 278 1532 verant
311 1492 426 1532 omni
460 1491 562 1532 luxu
595 1496 637 1533 et
670 1491 887 1546 opulentia
921 1493 1195 1545 instructum,
1233 1492 1376 1534 eadem
1411 1493 1483 1534 illa

132 1550 385 1604 Alexandro,
418 1553 540 1605 quasi
569 1552 698 1592 veteri
730 1552 914 1604 domino,
947 1551 1230 1593 reservabant.
1287 1551 1482 1606 Namque

130 1610 170 1650 id
205 1610 342 1651 solum
376 1611 584 1652 intactum
618 1611 847 1652 omiserant
879 1612 1035 1653 milites
1074 1613 1133 1652 ita
1165 1611 1321 1653 tradito
1356 1626 1483 1666 more,

130 1674 176 1710 ut
220 1671 422 1711 victorem
467 1670 566 1712 vieti
610 1672 720 1725 regis
763 1671 1035 1713 tabernaculo
1078 1673 1330 1725 exciperent.
1400 1670 1481 1713 Sed

129 1730 318 1771 omnium
347 1730 492 1770 oeulos
519 1731 767 1784 animosque
796 1731 836 1771 in
865 1733 998 1771 semet
1024 1734 1264 1772 averterant
1290 1732 1481 1785 captivae

129 1792 263 1829 mater
290 1791 560 1843 coniunxque
588 1789 731 1831 Darei:
767 1790 841 1831 illa
867 1804 953 1831 non
979 1791 1199 1831 maiestate
1226 1791 1375 1842 solum,
1408 1791 1480 1831 sed

128 1849 254 1890 etiam
287 1853 424 1890 aetate
457 1849 722 1901 venerabilis,
755 1849 858 1891 haee
890 1850 1048 1891 formae
1082 1849 1396 1904 pulchritudine
1429 1864 1479 1890 ne

127 1908 200 1949 illa
223 1908 394 1962 quidem
423 1912 536 1950 sorte
563 1913 797 1963 corruptae.
851 1909 1081 1963 Receperat
1106 1910 1150 1950 in
1176 1910 1314 1950 sinum
1343 1909 1478 1950 filium

126 1967 314 2009 nondum
336 1972 502 2010 sextum
525 1983 681 2010 annum
710 1969 860 2010 aetatis
881 1983 1110 2024 egressum,
1130 1970 1173 2009 in
1200 1983 1316 2022 spem
1337 1971 1479 2010 tantae

222 2102 241 2131 3
263 2099 326 2143 At]
342 2098 388 2132 acl
403 2102 441 2131 V.
494 2103 513 2132 4
529 2098 705 2144 Amynta]
722 2102 874 2131 amunta
888 2101 927 2131 V.
980 2102 999 2131 8
1015 2109 1123 2142 rupes
1141 2098 1308 2132 Modius:
1324 2098 1426 2141 rupis
1437 2101 1476 2131 Δ.

130 2149 167 2179 11
191 2145 358 2179 luxuriae
378 2150 419 2179 P:
449 2146 614 2181 luxoriae
636 2150 667 2179 C.
745 2150 786 2180 12
807 2158 931 2189 quam
961 2157 1114 2189 capere
1135 2149 1315 2189 possent
1335 2146 1476 2179 addim.

128 2197 169 2225 16
185 2195 416 2239 ornamenta]
433 2197 691 2229 ornatamenta.
705 2197 739 2227 L.
792 2193 1004 2238 violentius}
1020 2192 1205 2227 uolentius
1217 2196 1257 2226 V.
1312 2198 1352 2227 18
1369 2193 1477 2226 Omni

124 2241 269 2285 scripsi:
293 2241 415 2274 omnia
431 2245 468 2275 A.
522 2246 564 2275 ‘22
586 2242 612 2275 ii
626 2246 668 2275 P:
685 2242 735 2275 hii
759 2245 790 2275 C.
842 2241 904 2284 qui
923 2240 1055 2285 Dareo]
1076 2241 1139 2284 qui
1155 2252 1237 2274 cuni
1254 2240 1364 2275 dareo
1378 2245 1410 2274 C.

125 2290 406 2335 exornaverant]
434 2289 727 2324 exhornauerant
750 2293 785 2323 P.
886 2293 929 2322 :25
956 2288 1109 2333 tradito]
1137 2288 1276 2322 traditu
1304 2291 1329 2321 P
1356 2301 1398 2322 m.
1417 2300 1475 2332 pr.

125 2342 168 2370 2³
197 2336 313 2370 solinu
342 2350 407 2371 om.
437 2341 460 2370 L
487 2350 530 2371 m.
548 2350 605 2381 pr.
634 2341 659 2370 P
687 2351 728 2372 m.
748 2349 804 2381 pr.
902 2340 948 2370 ,29
977 2337 1037 2381 ne}
1066 2347 1131 2369 nec
1158 2339 1261 2369 BPL.

1509 737 1540 761 10

1507 1034 1538 1059 15

1504 1334 1538 1357 20

1503 1630 1535 1654 25

1502 1675 1552 1709 *29

1500 1928 1534 1952 30
