1610 2522
7 408 56 442 33

42 481 56 506 5

26 779 56 803 10

24 1075 56 1100 15

23 1373 56 1397 :30

316 117 648 151 HIs'PoRIARUM
677 117 955 152 ALEXANDRI
981 118 1039 160 m,
1070 122 1121 152 1²2.
1147 122 1198 153 13.
1373 119 1427 157 35)

79 242 149 268 rex
200 227 439 269 constantia
480 228 600 282 pueri
642 227 1002 282 Hephaestionem
1046 228 1232 270 intuens:
1276 227 1426 277 ‘Quam

79 286 257 339 vellem’,
285 287 435 341 inquit,
458 286 635 328 ‘Dareus
658 287 817 341 aliquid
846 301 895 328 ex
922 287 1002 329 hac
1022 287 1163 329 indole
1184 287 1427 329 hausisset!9

79 345 187 387 Tum
221 346 493 388 tabernaculo
527 362 731 402 egressus.

168 405 322 447 Tribus
362 406 446 447 aris
485 407 527 446 iu
560 407 652 460 ripa
685 406 828 448 Pinari
861 408 997 448 amnis
1039 405 1128 447 Iovi
1164 410 1291 461 atque
1323 406 1427 448 Her-

80 464 162 505 culi
191 464 491 519 Minervaeque
519 467 692 507 sacratis
721 465 887 520 Syriam
919 466 1028 520 petit
1054 466 1322 520 Damascum,
1355 467 1427 508 ubi

1455 419 1497 449 Ξῖ

76 524 189 579 regis
223 540 324 580 gaza
357 529 457 579 erat,
496 525 773 567 Parmenione
812 527 1055 579 praemisso.
1119 526 1177 566 At
1219 526 1289 567 ille
1329 541 1422 568 cuni
1447 531 1527 565 XIII

78 585 354 637 praecessisse
387 600 428 626 se
459 589 499 626 et
532 584 659 626 Darei
693 589 905 639 satrapam
940 586 1181 639 conperisse
1213 591 1427 640 coqnosset,

78 644 256 697 veritus,
306 659 357 686 ne
410 645 601 698 paucitas
650 660 823 686 suorum
877 648 1164 700 sperneretur,
1215 660 1426 687 accersere

78 703 278 745 maiorem
321 719 492 745 manum
536 704 695 746 statuit.
770 704 851 745 Sed
892 706 1003 746 forte
1052 706 1095 746 in
1137 705 1426 760 exploratores

77 762 128 802 ab
162 777 210 803 eo
243 765 497 817 praemissos
529 764 680 805 incidit
711 765 883 805 natione
916 764 1101 818 Mardus,
1141 766 1214 819 qui
1246 765 1296 806 ad
1330 765 1428 806 Par-

78 822 273 863 meniona
300 824 530 877 perductus
557 824 722 865 litteras
756 824 808 864 ad
836 824 1125 865 Alexandrum
1160 840 1182 865 a
1211 825 1426 879 praefecto

77 880 275 924 Damasci
308 883 457 924 missas
490 884 622 924 tradit
654 884 692 925 ei
725 898 801 925 nec
835 883 1029 925 dubitare
1063 899 1170 937 eum,
1204 884 1305 938 quin
1341 899 1427 926 om—

77 955 170 982 nem
203 942 364 997 regiam
399 944 705 997 supeHectilem
746 958 841 984 cum
874 944 1053 997 pecunia
1085 944 1280 998 traderet,
1320 944 1428 985 adie-

77 1001 141 1042 cit.
220 1001 444 1043 Parmenio
484 1003 694 1044 adservari
735 1018 784 1043 eo
826 1004 940 1045 iusso
979 1003 1144 1044 litteras
1185 1003 1339 1059 aperit,
1384 1005 1426 1044 iu

78 1061 171 1114 quis
205 1064 294 1102 erat
327 1062 551 1116 scriptum,
590 1065 637 1104 ut
676 1066 841 1104 mature
874 1063 1115 1104 Alexander
1153 1063 1338 1118 aliquem
1378 1079 1427 1104 ex

77 1119 255 1162 ducibus
289 1122 375 1162 suis
401 1122 591 1163 mitteret
624 1137 719 1163 cum
746 1137 874 1163 manu
907 1122 1070 1178 exigua,
1104 1123 1182 1176 cui,
1216 1138 1322 1177 quae
1355 1139 1428 1165 rex

76 1193 204 1232 penes
237 1181 375 1235 ipsum
409 1181 663 1236 reliquisset,
699 1183 883 1223 traderet.
946 1181 1094 1236 Itaque
1127 1182 1324 1223 Mardum
1360 1183 1427 1224 da-

77 1238 131 1280 tis
165 1240 396 1282 comitibus
429 1241 479 1282 ad
512 1242 775 1295 proditorem
808 1241 999 1283 remittit.
1063 1241 1141 1284 Ille
1177 1257 1198 1283 e
1231 1242 1426 1284 manibus

77 1299 407 1341 custodientium
453 1301 618 1355 elapsus
660 1300 918 1342 Damascum
959 1304 1056 1342 ante
1098 1303 1237 1343 lucem
1283 1302 1426 1343 intrat.

77 1357 340 1400 Turbaverat
361 1375 408 1401 ea
428 1375 493 1401 res
508 1360 801 1402 Parmenionis
817 1362 1006 1402 animum
1027 1361 1202 1402 insidias
1223 1362 1426 1415 timentis,

77 1420 119 1458 et
150 1419 345 1473 ignotum
378 1420 457 1461 iter
489 1421 578 1461 sine
612 1421 716 1462 duce
748 1435 833 1462 non
868 1421 1048 1461 audebat
1081 1421 1263 1475 ingredi:
1295 1421 1426 1462 felici-

76 1478 154 1518 tati
176 1481 317 1519 tamen
345 1480 457 1534 regis
492 1480 557 1520 sui
580 1480 764 1522 confisus
786 1483 985 1536 agrestes,
1013 1481 1088 1534 qui
1115 1481 1239 1521 duces
1261 1481 1425 1522 itineris

77 1540 228 1590 essent,
267 1538 401 1592 excipi
436 1539 570 1579 iussit.
635 1538 797 1588 Quibus
831 1539 1025 1581 celeriter
1063 1541 1240 1594 repertis
1274 1545 1425 1594 quarto

78 1595 143 1636 die
177 1597 227 1637 ad
254 1597 401 1638 urbem
428 1599 619 1652 pervenit
653 1599 734 1640 iam
762 1602 974 1641 metuente
1001 1600 1228 1653 praefecto,
1261 1615 1312 1640 ue
1346 1601 1426 1641 sibi

23 1671 37 1695 2
76 1655 179 1696 fides
212 1656 358 1698 habita
392 1672 475 1698 non
509 1661 628 1699 esset.
692 1657 830 1715 Igitur
862 1659 983 1713 quasi
1010 1674 1158 1713 parum
1192 1661 1426 1701 munimen-

75 1716 131 1755 tis
159 1716 304 1769 oppidi
330 1717 465 1758 fidens
498 1720 593 1759 ante
627 1719 728 1759 solis
757 1721 895 1760 ortum
922 1718 1143 1773 pecuniam
1176 1720 1333 1775 regiam
1371 1745 1424 1748 —

172 1861 188 1890 1
222 1857 538 1901 Hephaestionem
573 1860 724 1903 Cospus:
770 1859 1026 1903 ephestionem
1056 1864 1095 1893 A.
1234 1865 1252 1894 2
1287 1860 1424 1905 iuquit]

76 1903 206 1946 inquid
233 1908 268 1938 P.
415 1909 435 1938 4
463 1906 590 1951 atque]
617 1910 657 1940 at
681 1910 706 1939 P
734 1919 776 1941 m.
793 1919 851 1951 pr.
1000 1913 1018 1941 5
1046 1907 1206 1953 Syriam]
1237 1908 1361 1941 siriam
1388 1912 1424 1941 F.

77 1955 95 1984 6
122 1950 365 1986 Parmenione
398 1957 431 1986 1:
464 1953 701 1997 permenione
727 1957 765 1988 A.
890 1955 937 1988 At
963 1954 1027 1989 ille
1059 1956 1204 1999 scripsi:
1241 1957 1352 1998 atque
1386 1958 1424 1989 A.

77 2002 94 2031 7
122 2000 366 2042 praecessisse
386 2012 427 2035 se
452 2002 596 2045 scripsi:
623 2002 885 2046 praecessisset
905 2005 944 2036 A.
1043 2003 1248 2049 satrapam]
1276 2004 1425 2047 satrapa

76 2050 108 2079 c.
190 2048 399 2091 conperisse
420 2054 647 2093 cognosset
671 2051 816 2093 sco-ipsi:
846 2050 1073 2094 conperisset
1094 2054 1132 2084 A.
1216 2054 1257 2085 10
1285 2051 1346 2095 ad]
1374 2052 1426 2085 sic

74 2097 100 2126 P
127 2095 166 2127 in
191 2106 261 2129 ras.
286 2108 327 2130 m.
348 2108 415 2130 rec.
489 2096 748 2143 Parmeniona]
775 2098 1014 2142 parmenione
1038 2102 1063 2130 P
1085 2110 1126 2132 m.
1143 2110 1202 2142 pr.
1281 2102 1321 2131 12
1350 2110 1425 2132 om-

75 2141 174 2187 nem]
203 2153 359 2177 ommem
387 2148 421 2177 P.
517 2147 558 2177 13
586 2144 873 2190 supellectilem]
901 2145 1174 2189 superlectilem
1202 2150 1236 2179 P.
1324 2146 1426 2179 adie-

77 2188 142 2234 cit]
170 2189 307 2224 abiecit
326 2194 365 2224 V.
443 2196 484 2225 11¹,
513 2191 582 2233 cui,
610 2203 703 2235 quae
728 2193 920 2227 Prohasel:
949 2204 1106 2237 cumque
1127 2196 1165 2226 A.
1244 2197 1283 2226 17
1312 2204 1424 2237 penes

76 2236 282 2281 Zumptz'us:
314 2240 443 2272 tenens
470 2242 508 2273 A.
595 2240 789 2274 traderet
816 2240 962 2275 addidit
987 2241 1169 2275 Probas-el.
1257 2244 1299 2275 19
1327 2240 1424 2285 elap-

76 2295 136 2317 sus
162 2288 194 2318 1:
228 2284 353 2329 lapsus
386 2289 424 2319 A.
566 2290 609 2319 20
641 2287 909 2333 Parmenionis]
945 2288 1203 2332 parmeniones
1236 2292 1262 2321 P
1297 2302 1338 2322 m.
1365 2300 1422 2332 pr.

76 2335 118 2364 21
153 2331 330 2378 audebat]
363 2333 541 2367 audiebat
572 2338 596 2367 P
625 2346 668 2369 m.
698 2347 752 2379 pr.
901 2339 944 2368 26
981 2335 1108 2380 oppidi
1145 2340 1176 2369 1:
1214 2336 1362 2380 oppidis
1389 2339 1423 2382 ,A

77 2379 238 2423 [oppidi·
265 2381 343 2426 LP].

1236 2442 1280 2476 3*

1455 718 1473 747 10

1455 1016 1473 1045 3
