1610 2522
75 756 106 781 10

74 1052 106 1077 15

74 1352 106 1376 20

55 1456 104 1490 :39

74 1648 105 1672 ‘35

364 94 696 129 HISTORIARUM
726 93 1007 128 ALEXANDRI
1034 94 1111 136 VII,
1139 98 1169 128 9.
1195 98 1246 128 10.
1396 95 1480 135 243

126 205 404 246 Macedonum
446 205 575 245 armis
620 218 763 258 parem
803 204 893 244 fore
932 203 1256 244 confitebantur.
1331 202 1481 258 Itaque

126 263 255 306 Sacae
282 265 434 305 misere
455 265 632 319 legatos,
653 263 726 317 qui
754 263 1056 317 pollicerentur
1081 266 1251 318 gentem
1274 263 1481 317 imperata

126 324 356 365 facturam:
402 326 592 364 moverat
625 337 695 365 eos
731 323 843 378 regis
878 337 961 363 non
994 322 1128 363 virtus
1162 323 1319 378 magis,
1353 337 1476 376 quain
1510 335 1550 362 ιμ’

127 383 351 424 clementia
384 384 425 423 in
460 383 648 424 devictos
676 381 867 436 Scythas.
909 381 1076 436 Quippe
1109 382 1302 436 captivos
1335 396 1480 423 omnes

128 443 218 483 sine
250 443 387 497 pretio
420 443 658 495 remiserat,
700 446 748 482 ut
780 441 905 482 fidem
938 441 1096 482 faceret
1129 441 1210 482 sibi
1245 456 1337 482 cum
1373 442 1481 483 fero-

127 503 306 543 cissimis
339 502 530 556 gentium
565 501 614 542 de
641 501 903 554 fortitudine,
936 516 1021 542 non
1056 501 1105 541 de
1139 501 1202 541 ira
1234 502 1364 541 fuisse
1398 516 1481 542 cer-

126 565 278 602 tamen.
331 561 520 615 Benigne
553 561 686 617 igitur
718 561 905 615 exceptis
935 560 1135 601 Sacarum
1168 560 1320 616 legatis
1354 561 1479 601 comi-
1511 571 1551 600 19

126 624 210 662 tem
265 621 549 675 Euxenippon
610 620 744 672 dedit,
795 619 934 661 adhuc
991 620 1218 661 admodum
1275 620 1481 671 iuvenem,

126 681 275 722 aetatis
308 680 411 721 flore
445 680 715 721 conciliatum
752 679 852 733 sibi,
885 680 958 734 qui
991 695 1088 721 cum
1120 680 1259 734 specie
1293 681 1481 734 corporis

127 743 325 794 aequaret
368 739 747 794 Hephaestionem,
789 740 826 780 ei
871 740 1016 793 lepore
1063 739 1177 780 haud
1228 754 1326 780 sane
1370 739 1480 780 virili

126 814 202 853 par
240 814 326 841 non
368 803 468 840 erat.
530 798 625 854 Ipse
661 797 832 840 Cratero
875 813 969 839 cum
1010 799 1167 839 maiore
1209 801 1330 853 parte
1370 813 1481 840 exer·
1510 810 1553 839 20

127 860 236 900 citus
282 859 458 900 modicis
503 858 726 900 itineribus
771 858 889 912 sequi
930 859 1044 899 iusso
1085 858 1189 899 adiit
1229 857 1483 899 Maracanda

127 918 286 960 urbem.
350 917 452 959 Inde
486 916 753 973 Spitamenes
796 921 1000 972 conperto
1040 918 1129 958 eius
1163 918 1348 958 adventu
1380 917 1482 958 Bac-

126 981 190 1018 tra
223 978 479 1033 perfugerat.
542 977 691 1032 ltaque
725 977 961 1031 quadriduo
1001 992 1073 1018 rex
1105 979 1283 1033 longum
1316 977 1481 1018 itineris
1512 988 1550 1017 21

127 1037 312 1090 spatium
352 1051 547 1079 emensus
586 1040 834 1091 pervenerat
877 1037 919 1077 in
967 1052 1062 1078 eum
1107 1038 1266 1086 locum,
1310 1037 1353 1077 in
1398 1051 1481 1090 quo

126 1096 373 1138 Menedemo
420 1097 523 1138 duce
568 1097 651 1138 duo
703 1096 822 1138 inilia
866 1096 1057 1150 peditum
1100 1099 1140 1137 et
1189 1107 1274 1137 CCC
1317 1096 1482 1150 equites

126 1156 337 1197 amiserat.
401 1155 565 1197 Horum
611 1170 707 1197 ossa
749 1157 914 1197 tumulo
957 1157 1127 1211 contegi
1172 1156 1295 1196 iussit
1337 1158 1379 1197 et
1423 1156 1482 1196 in-

125 1216 252 1257 ferias
284 1230 401 1257 more
433 1216 572 1270 patrio
606 1215 730 1256 dedit.
788 1214 877 1256 Iam
913 1214 1109 1257 Craterus
1143 1230 1238 1256 cum
1272 1215 1483 1270 phalange
1511 1227 1553 1256 22

127 1275 327 1328 subsequi
354 1276 493 1316 iussus
521 1275 572 1315 ad
599 1289 739 1330 regem
768 1278 1033 1328 pervenerat:
1068 1275 1224 1328 itaque,
1256 1277 1304 1315 ut
1325 1289 1482 1326 omnes,

127 1335 197 1388 qui
233 1334 488 1388 defecerant,
527 1335 686 1389 pariter
718 1334 820 1375 belli
855 1334 970 1375 clade
1003 1337 1306 1388 premerentur,
1339 1335 1482 1388 copias

127 1393 278 1434 dividit
311 1394 460 1447 urique
494 1408 619 1449 agros
652 1397 693 1435 et
727 1394 909 1434 interfici
943 1394 1124 1448 puberes
1157 1393 1284 1435 iubet.

216 1451 430 1508 Sogdiana
462 1455 579 1508 regio
611 1454 769 1494 maiore
802 1469 853 1494 ex
885 1455 1004 1507 parte
1039 1454 1203 1494 deserta
1236 1457 1314 1494 est:
1350 1453 1478 1495 octin-
1502 1462 1530 1495 X

127 1516 254 1567 genta
286 1513 373 1553 fere
406 1513 541 1553 stadia
581 1513 625 1553 in
657 1512 926 1554 latitudinem
960 1516 1103 1554 vastae
1138 1513 1390 1553 solitudines
1423 1516 1482 1552 te-

125 1574 238 1612 nent.
300 1570 455 1627 Ingens
496 1573 680 1626 spatium
721 1575 857 1613 rectae
891 1573 1078 1627 regionis
1111 1575 1193 1624 est,
1234 1586 1309 1625 per
1355 1587 1481 1626 quam
1510 1589 1528 1618 2

127 1631 263 1671 amnis
296 1656 352 1660 —
385 1631 689 1686 Polytimetum
724 1634 877 1672 vocant
903 1631 1066 1672 incolae
1097 1657 1145 1660 —
1176 1632 1323 1673 fertur.
1381 1631 1483 1672 Tor-

125 1693 288 1731 rentem
330 1705 424 1731 eum
471 1692 587 1745 ripae
625 1691 669 1731 in
702 1694 869 1732 tenuem
912 1690 1078 1732 alveum
1120 1693 1298 1746 cogunt,
1331 1691 1481 1731 deinde

126 1764 304 1791 caverna
347 1751 499 1804 accipit
537 1753 579 1791 et
621 1751 698 1791 sub
741 1753 896 1791 terram
929 1751 1051 1804 rapit.
1116 1749 1275 1791 Cursus
1310 1750 1481 1792 abscon-
1510 1769 1527 1795 :3

221 1882 239 1912 ·2
269 1878 383 1913 Sacae
406 1879 629 1914 Frobene'us:
652 1890 763 1924 sagae
784 1882 822 1912 A.
898 1879 1096 1924 imperata]
1121 1879 1294 1922 inparata
1313 1881 1339 1912 B
1359 1891 1404 1913 m.
1425 1890 1479 1922 pr.

126 1930 147 1960 4
174 1925 346 1971 Scythas]
368 1926 505 1960 scithas
527 1929 634 1960 BFV.
710 1931 729 1960 5
745 1926 881 1971 pretio]
896 1927 980 1971 poio
996 1930 1034 1960 V.
1111 1929 1127 1959 7
1151 1925 1325 1960 Sacarum
1346 1927 1479 1961 Frobe-

129 1974 230 2008 ηίνιιεε
247 1985 419 2018 sagarum
432 1977 469 2007 A.
521 1977 541 2008 8
558 1974 800 2018 Euxenippon
814 1975 961 2018 scripsi:
979 1973 1176 2018 excipinon
1192 1978 1223 2016 C,
1241 1973 1432 2018 escipinon
1444 1978 1480 2007 P.

128 2023 170 2054 10
191 2020 504 2065 Hephaestionem
528 2022 679 2066 Cospus3
705 2021 961 2065 ephestionem
979 2024 1017 2054 A.
1103 2021 1137 2055 ei
1158 2021 1355 2056 Heinsius:
1385 2023 1421 2055 et
1441 2025 1479 2054 A.

129 2071 170 2101 12
198 2068 310 2103 adiit
334 2070 480 2113 scripsi:
506 2069 552 2102 ad
573 2072 611 2103 A.
712 2069 938 2103 Maracanda
958 2069 1178 2103 Frobenz'us:
1208 2071 1425 2102 maracanta
1444 2073 1479 2109 P,

127 2119 380 2150 maracantam
396 2121 417 2149 c
430 2117 699 2162 [marecantum
713 2117 765 2161 Bl.
837 2120 878 2150 13
897 2116 986 2149 Inde
1001 2117 1147 2160 scripsi:
1164 2116 1277 2160 inqua
1298 2120 1335 2149 A.
1401 2115 1481 2160 Spi-

127 2164 308 2209 tamenes]
336 2163 554 2208 spitamines
572 2167 608 2197 P.
661 2168 704 2198 14
731 2163 956 2209 quadriduo]
983 2164 1182 2207 quatriduo
1211 2169 1243 2198 C.
1297 2167 1339 2197 18
1361 2163 1480 2208 dedit]

128 2210 297 2245 *dedite
361 2211 562 2256 phalange]
578 2211 728 2256 falange
740 2216 774 2245 L.
839 2216 880 2245 21
898 2211 1044 2256 urique]
1060 2211 1207 2255 utrique
1222 2215 1248 2244 P
1323 2211 1480 2255 puberes

127 2257 268 2292 Laeter:
290 2258 405 2302 pubes
421 2262 459 2292 A.
536 2258 641 2293 iubet
660 2263 701 2293 P:
723 2259 833 2292 iussit
848 2262 880 2292 C.
957 2262 998 2292 22
1021 2259 1237 2303 octingenta
1255 2258 1478 2293 Glareanus:

129 2317 221 2338 Lxxx
232 2308 271 2338 A.
341 2310 385 2339 ‘24
407 2306 584 2351 spatium]
605 2307 771 2349 spacium
786 2310 858 2340 LV.
930 2311 972 2340 25
996 2305 1275 2350 Polytimetum]
1297 2305 1478 2350 politime-

127 2354 206 2385 tum
223 2356 254 2385 c.
330 2352 561 2399 Torrentem]
577 2356 796 2388 torrenstem
812 2357 838 2386 F
859 2365 948 2388 corr.
963 2357 1003 2388 V.
1025 2356 1214 2387 torrens**
1231 2357 1268 2396 L,
1289 2357 1430 2387 torrens
1445 2356 1479 2385 B.

1198 2413 1265 2446 16³⁵e
