1610 2522
42 789 76 814 10

42 1088 75 1112 15

44 1383 77 1407 20

48 1680 80 1704 25

48 1976 82 2001 30

322 125 656 160 HISTORIARUM
683 124 965 158 ALEXANDRI
993 123 1104 159 Vim.
1134 129 1162 158 1.
1185 128 1215 158 2.
1361 122 1445 163 313

95 251 185 278 rare
231 236 472 277 decreverat
515 235 697 276 transitu
743 233 959 274 difficilem
1004 247 1091 273 non
1130 233 1267 285 spatio
1311 233 1448 273 solum

96 311 319 350 aquarum,
359 295 430 335 sed
470 295 596 335 etiam
630 293 742 334 saxis
777 293 1032 347 inpeditum:
1066 294 1340 345 percontatus
1371 291 1448 347 igi·
1475 303 1494 333 2

95 359 165 396 tur
197 355 384 409 Phegea,
429 368 536 408 quae
581 353 793 393 noscenda
837 355 974 405 erant,
1018 363 1083 391 XII
1128 351 1290 392 dierum
1337 351 1449 392 ultra

97 415 253 455 flumen
286 429 361 468 per
392 416 531 454 vastas
565 412 816 454 solitudines
849 412 928 452 iter
961 425 1050 452 esse
1077 411 1309 465 cognoscit,
1341 410 1448 451 exci-

96 489 195 528 pere
229 473 376 514 deinde
400 471 585 526 Gangen,
618 471 851 512 maximum
885 471 1017 512 totius
1040 469 1185 510 Indiae
1211 470 1449 523 fluminum,
1476 482 1495 512 3

96 533 341 574 ulteriorem
378 532 515 586 ripam
554 531 691 572 colere
729 533 877 585 gentes
911 529 1174 585 Gangaridas
1207 533 1246 570 et
1282 528 1448 570 Prasios

96 607 325 646 eorumque
358 606 499 647 regem
528 605 618 632 esse
645 590 936 645 Aggrammen
956 601 1018 630 XX
1051 588 1224 630 milibus
1258 590 1447 641 equitum

97 652 372 705 ducentisque
405 650 596 705 peditum
631 649 895 690 obsidentem
929 649 1028 691 vias.
1081 649 1147 689 Ad
1173 648 1256 689 hoe
1283 648 1449 702 quadri—
1476 661 1497 691 4

98 726 247 766 garum
282 723 313 751 ΙΙ
345 710 462 751 milia
496 709 661 751 trahere
694 712 752 762 et,
797 709 1070 763 praecipuum
1103 711 1326 760 terrorem,
1371 707 1451 748 ele-

96 770 299 825 phantos,
344 784 449 824 quos
493 781 543 810 ΙΙΙ
582 769 748 809 milium
793 783 1016 809 numerum
1063 768 1232 821 explere
1273 766 1448 808 dicebat.

95 829 369 872 Incredibilia
412 830 502 884 regi
541 829 684 870 omnia
725 827 993 869 videbantur:
1040 827 1172 883 igitur
1204 826 1361 867 Porum
1394 851 1451 855 -—
1478 839 1498 869 5

96 904 191 930 nam
227 904 320 930 cum
353 904 402 930 eo
435 892 523 929 erat
550 913 606 917 -—
633 890 919 942 percontatur,
951 902 1005 927 an
1034 901 1131 927 vera
1159 889 1311 939 essent,
1344 901 1451 939 quae

97 949 346 989 dicerentur.
414 947 491 989 Ille
536 949 643 988 vires
689 947 859 1000 quidem
905 945 1044 1002 gentis
1089 948 1130 987 et
1175 946 1293 1000 regni
1338 944 1451 986 haud
1479 958 1499 988 6

96 1008 204 1049 falso
232 1008 379 1049 iactari
406 1007 612 1059 adfirmat,
645 1009 843 1060 ceterum,
877 1007 950 1059 qui
975 1008 1184 1060 regnaret,
1210 1019 1296 1045 non
1324 1004 1450 1045 modo

97 1068 330 1122 ignobilem
357 1082 457 1121 esse,
484 1067 555 1108 sed
582 1066 708 1107 etiam
738 1066 912 1107 ultimae
937 1066 1082 1106 sortis:
1110 1066 1267 1118 quippe
1288 1068 1451 1118 patrem

97 1127 198 1180 eius,
225 1130 440 1168 tonsorem
463 1127 535 1167 vix
556 1126 707 1167 diurno
736 1128 913 1178 quaestu
938 1125 1259 1179 propulsantem
1285 1124 1453 1177 famem,

99 1189 272 1240 propter
311 1186 505 1227 habitum
537 1185 651 1226 haud
684 1185 929 1227 indecorum
964 1184 1079 1226 cordi
1106 1184 1237 1224 fuisse
1270 1184 1450 1236 reginae.

96 1246 163 1287 Ab
198 1261 244 1286 ea
278 1246 321 1286 in
353 1246 599 1300 propiorem
626 1245 728 1298 eius,
760 1245 833 1298 qui
860 1247 950 1285 tum
976 1246 1206 1299 regnasset,
1239 1242 1451 1283 amicitiae
1479 1255 1497 1285 7

95 1306 235 1347 locum
281 1305 501 1346 admotum
539 1305 763 1346 interfecto
804 1318 852 1345 eo
884 1318 960 1358 per
992 1303 1168 1343 insidias
1202 1302 1278 1343 sub
1314 1302 1451 1355 specie

98 1366 255 1406 tutelae
282 1365 463 1405 liberum
491 1365 580 1405 eius
607 1364 812 1404 invasisse
838 1377 1016 1417 regnum
1043 1363 1289 1415 necatisque
1310 1360 1452 1416 pueris

98 1424 228 1476 hune,
274 1425 346 1478 qui
379 1438 489 1465 nunc
521 1426 690 1479 regnat,
733 1437 974 1478 generasse,
1019 1421 1204 1462 invisum
1240 1422 1453 1474 vilemque

99 1484 392 1537 popularibus,
438 1484 576 1537 magis
615 1485 814 1536 paternae
849 1482 1044 1522 fortunae
1078 1496 1204 1534 quam
1239 1495 1336 1521 suae
1369 1494 1455 1520 me-

98 1558 272 1584 morem.
323 1543 577 1584 Adfirmatio
599 1542 698 1582 Pori
731 1541 1012 1594 multiplicem
1044 1541 1185 1581 animo
1212 1540 1325 1594 regis
1353 1539 1453 1580 inie-
1481 1554 1500 1581 s

100 1605 213 1643 cerat
255 1617 409 1643 curam.
472 1601 652 1642 Hostem
684 1601 915 1654 beluasque
949 1599 1189 1653 spernebat,
1234 1600 1363 1640 situm
1395 1600 1454 1639 lo-

100 1676 245 1702 corum
297 1664 338 1702 et
385 1662 471 1702 vim
517 1661 741 1702 fluminum
787 1660 1105 1700 extimescebat:
1156 1658 1366 1713 relegatos
1412 1659 1452 1698 in
1482 1671 1502 1700 9

101 1720 297 1761 ultimum
337 1735 471 1775 paene
510 1735 649 1761 rerum
681 1720 961 1760 humanarum
996 1718 1192 1772 persequi
1225 1717 1455 1758 terminum

102 1782 142 1820 et
175 1795 320 1821 eruere
354 1780 530 1821 arduum
563 1779 799 1831 videbatur,
833 1793 977 1819 rursus
1011 1778 1187 1818 avaritia
1220 1777 1380 1832 gloriae
1414 1779 1456 1817 et

101 1839 356 1881 insatiabilis
390 1839 543 1892 cupido
576 1839 712 1879 famae
745 1838 853 1879 nihil
887 1838 1061 1890 invium,
1103 1836 1212 1877 nihil
1244 1840 1455 1877 remotum

101 1898 233 1939 videri
268 1898 443 1939 sinebat.
506 1898 564 1938 Et
596 1898 807 1938 interdum
843 1897 1076 1950 dubitabat,
1117 1911 1170 1936 an
1202 1895 1456 1936 Macedones
1483 1907 1528 1937 10

101 1960 167 1999 tot
200 1959 358 1999 emensi
392 1958 528 2011 spatia
559 1960 778 2009 terrarum,
811 1957 855 1997 in
888 1957 975 1997 acie
1009 1959 1049 1997 et
1082 1956 1126 1996 in
1158 1956 1306 1995 castris
1337 1968 1456 1995 senes

199 2056 215 2084 1
245 2051 383 2096 spatio]
411 2050 537 2094 spacio
563 2053 599 2083 F.
712 2054 730 2082 2
758 2049 1002 2083 Percontatus
1030 2048 1252 2083 Frobem'us:
1280 2058 1456 2092 percunc-

102 2100 204 2132 tatus
229 2101 269 2132 A.
368 2104 386 2131 3
414 2097 616 2142 noscenda]
642 2096 820 2131 noscendi
846 2101 873 2129 F
893 2108 936 2130 m.
953 2108 1011 2140 pr.
1112 2108 1162 2129 ΧΠ
1196 2095 1319 2140 I'ogsel:
1353 2107 1390 2128 x1
1416 2098 1456 2128 A.

104 2148 123 2179 6
151 2144 382 2189 Gangaridas
403 2149 436 2178 1:
458 2145 711 2189 gangarhidas
731 2148 770 2178 A.
840 2144 986 2178 Prasios
1007 2141 1227 2177 Salmasius:
1242 2142 1457 2186 pharrasios

104 2197 135 2225 c.
164 2192 394 2236 pharrassios
415 2197 450 2226 P.
528 2196 545 2225 7
568 2205 615 2225 xx
635 2191 788 2225 milibus
809 2196 842 2225 1:
863 2204 911 2225 xx
925 2204 944 2225 B
967 2195 999 2232 C.
1020 2194 1067 2225 kx
1082 2203 1102 2224 B
1121 2194 1156 2224 P.
1235 2194 1277 2223 16
1299 2192 1456 2232 quaestu

103 2239 400 2285 propulsantem]
422 2250 516 2283 quae
537 2241 671 2287 strudsso
692 2239 904 2283 pulsantem
924 2242 959 2272 P.
1038 2242 1078 2272 18
1106 2237 1311 2282 amicitiae]
1333 2236 1455 2270 amiti-

103 2287 180 2321 tiae
199 2290 237 2319 V.
308 2292 349 2320 21
373 2287 584 2332 generasse]
605 2288 820 2331 generasset
833 2291 868 2319 P.
945 2290 987 2319 25
1010 2285 1210 2330 relega-tos]
1225 2284 1404 2329 religatos
1419 2288 1455 2317 P.

105 2338 147 2367 26
182 2334 354 2380 avaritia]
388 2334 570 2368 auaritiae
602 2338 639 2368 F.
763 2337 806 2367 28
840 2333 1084 2378 insatiabilis]
1117 2331 1346 2366 insaciabilis
1378 2335 1455 2373 FP,

104 2381 334 2415 resaciabilis
360 2385 398 2415 V.
497 2386 540 2415 30
570 2381 708 2426 spatia]
736 2381 864 2424 spacia
890 2384 925 2413 P.
