1610 2522
55 752 86 776 10

54 1048 86 1072 15

55 1344 89 1369 20

66 1449 88 1483 02

381 86 714 123 HISTORIARUM
740 85 1024 120 ALEXANDRI
1049 84 1109 126 VI,
1140 89 1168 119 1.
1377 84 1459 124 153

102 213 214 240 nunc
247 198 502 247 comminus,
545 211 655 238 nunc
690 196 852 237 eminus
895 194 1118 248 petebatur
1156 193 1313 248 diuque
1346 207 1461 233 arma

104 258 403 300 circumferens
446 256 529 297 alia
570 257 654 297 tela
693 255 829 309 clipeo
869 253 1125 307 excipiebat,
1167 267 1345 307 corpore
1379 252 1461 293 alia

104 317 278 370 vitabat,
311 316 441 358 donec
474 315 597 356 hasta
630 315 787 355 femina
813 314 1004 367 perfossa
1036 313 1222 366 plurimo
1255 311 1461 366 sanguine

105 376 237 418 effuso
276 375 504 417 destituere
535 377 809 430 pugnantem.
875 372 991 427 Ergo
1031 372 1166 425 clipeo
1207 386 1281 412 suo
1315 385 1461 425 excep-⁷
1489 382 1508 411 5

104 439 197 477 tum
235 435 432 490 armigeri
473 435 628 488 raptim
661 434 704 474 in
744 435 881 474 castra
912 431 1151 473 referebant
1184 431 1456 472 iactationem

107 495 327 536 vulnerum
360 494 474 535 haud
505 494 629 534 facile
661 493 925 534 tolerantem.
976 490 1077 532 Non
1109 493 1250 532 tamen
1285 491 1463 531 omisere
1490 502 1510 531 6

106 554 429 595 Lacedaemonii
462 567 648 608 pugnam
682 554 740 606 et,
772 554 820 592 ut
852 551 1038 605 primum
1071 550 1153 591 sibi
1186 564 1312 603 quam
1345 549 1460 590 hosti

106 614 353 668 aequiorum
385 612 525 653 locum
561 626 707 666 capere
740 613 984 665 potuerunt,
1020 609 1207 651 densatis
1240 608 1461 650 ordinibus

106 674 235 714 effuse
268 672 469 713 fluentem
508 672 548 712 in
590 686 633 711 se
672 671 805 711 aciem
839 683 1050 724 excepere.
1101 668 1201 710 Non
1233 668 1347 709 aliud
1381 668 1462 708 dis·
1492 680 1508 709 7

107 733 265 774 crimen
315 731 608 772 vehementius
653 731 784 771 fuisse
841 729 1068 770 memoriae
1119 727 1337 783 proditum
1389 730 1462 768 est.

108 791 299 833 Duarum
337 790 703 832 nobilissimarum
745 789 858 830 bello
898 788 1090 843 gentium
1130 788 1340 829 exercitus
1373 786 1464 840 pari

107 850 243 892 Marte
294 849 563 905 pugnabant:
623 847 950 890 Lacedaemonii
1000 850 1160 899 vetera,
1212 846 1464 888 Macedones
1492 856 1512 886 8

107 910 347 964 praesentia
367 910 517 950 decora
550 908 837 960 intuebantur,
870 907 932 948 illi
958 921 1036 962 pro
1067 907 1278 960 libertate,
1309 905 1354 946 hi
1387 920 1463 959 pro

107 969 397 1011 dominatione
429 968 689 1023 pugnabant,
716 967 1063 1008 Lacedaemoniis
1097 965 1200 1019 dux,
1226 964 1468 1006 Macedoni-

108 1030 187 1070 bus
231 1030 350 1070 locus
393 1029 545 1069 deerat.
608 1027 705 1068 Diei
737 1041 907 1081 quoque
946 1026 1071 1067 unius
1112 1027 1199 1066 tam
1238 1024 1466 1078 multiplex
1494 1035 1513 1065 9

108 1102 230 1130 casus
262 1087 388 1129 modo
423 1101 554 1141 spem,
585 1086 712 1128 modo
739 1089 900 1127 metum
928 1085 1150 1139 utriusque
1177 1084 1312 1139 partis
1345 1098 1469 1139 auge-

110 1148 183 1188 bat
214 1148 330 1188 velut
364 1147 413 1188 de
446 1146 653 1187 industria
687 1145 797 1187 inter
817 1145 1076 1187 fortissimos
1108 1144 1222 1184 viros
1257 1145 1468 1184 certamen

110 1209 316 1261 aequante
348 1207 530 1247 fortuna.
565 1204 761 1247 Ceterum
795 1204 1018 1261 angustiae
1051 1203 1146 1258 loci,
1177 1204 1221 1244 in
1255 1218 1338 1257 quo
1371 1202 1468 1242 hae·
1497 1213 1540 1242 10

110 1269 222 1308 serat
271 1281 436 1321 pugna,
485 1280 571 1306 non
617 1264 891 1320 patiebantur
935 1264 1038 1305 totis
1084 1262 1248 1318 ingredi
1288 1262 1468 1302 viribus:

111 1325 361 1380 spectabant
400 1339 500 1380 ergo
540 1326 705 1379 plures,
750 1338 879 1377 quam
918 1323 1102 1364 inierant
1145 1322 1374 1377 proelium,
1416 1323 1470 1374 et,

111 1386 183 1438 qui
226 1388 346 1426 extra
385 1384 460 1425 teli
506 1384 665 1425 iactum
711 1386 852 1436 erant,
903 1384 1086 1423 clamore
1137 1381 1318 1423 invicem
1371 1394 1470 1422 suos

110 1444 404 1485 accendebant.
450 1443 638 1484 Tandem
690 1442 905 1483 Laconum
950 1442 1060 1482 acies
1098 1442 1370 1495 languescere
1407 1441 1470 1481 lu·
1499 1451 1538 1480 11

112 1503 227 1544 brica
253 1518 369 1544 arma
401 1503 554 1544 sudore
586 1502 656 1542 vix
691 1502 916 1553 sustinens,
952 1501 1101 1555 pedem
1130 1500 1280 1541 deinde
1313 1499 1470 1540 referre

113 1563 263 1618 coepit.
302 1562 362 1604 Ut
396 1564 572 1617 urgente
604 1561 727 1602 hoste
759 1561 947 1615 apertius
974 1561 1134 1615 fugere
1166 1559 1472 1613 insequebatur
1499 1569 1542 1598 12

60 1640 88 1665 2⁷
114 1622 341 1688 dissipatos
377 1622 512 1662 xietor
539 1624 579 1661 et
600 1634 795 1662 emensus
822 1634 945 1661 cursu
981 1634 1105 1660 omne
1126 1619 1324 1674 spatium,
1358 1617 1472 1672 quod

114 1681 224 1722 acies
256 1681 475 1722 Laconum
509 1680 770 1732 obtinuerat,
804 1680 945 1745 ipsum
977 1678 1091 1734 Agin
1124 1677 1470 1733 persequebatur.

114 1740 190 1782 llle
221 1743 269 1781 ut
301 1740 447 1795 fugam
481 1754 653 1781 suorum
688 1741 728 1780 et
765 1739 982 1793 proximos
1013 1737 1203 1779 hostium
1238 1737 1472 1792 conspexit,
1502 1747 1545 1777 13

114 1800 269 1880 deponi
308 1815 350 1841 se
395 1799 541 1840 iussit:
587 1800 870 1852 expertusque
915 1797 1124 1850 membra,
1166 1812 1219 1837 an
1261 1796 1470 1851 impetum

201 1922 227 1949 -1
257 1878 470 1961 petebatur]
503 1915 705 1960 patebatur
739 1917 950 1959 Bm.p1·.P
971 1926 1015 1948 m.
1030 1926 1090 1958 pr.
1238 1916 1257 1946 2
1292 1912 1411 1956 clipeo
1439 1915 1471 1945 1:

116 1963 246 2008 clypeo
274 1966 416 2005 BFPV
444 1962 590 2007 clippeo
611 1966 647 1996 L.
748 1965 766 1996 3
794 1962 918 2008 hasta]
946 1963 1027 1995 asta
1047 1965 1115 1995 LP.
1214 1960 1370 2005 femina]
1396 1959 1473 1994 fae-

115 2011 217 2044 mina
242 2014 278 2045 P.
353 2015 373 2044 4
401 2010 521 2054 clipeo
547 2014 580 2044 1:
609 2009 739 2054 clypeo
766 2013 915 2050 BFPV,
942 2008 1087 2053 clippeo
1114 2012 1149 2041 L.
1236 2013 1255 2042 5
1283 2006 1473 2052 armigeri]

119 2058 303 2103 armageri
329 2062 354 2092 P
374 2070 418 2093 m.
435 2069 495 2102 pr.
619 2061 638 2091 6
665 2057 782 2102 haud]
817 2059 882 2090 aut
913 2060 948 2090 L.
1073 2060 1091 2089 9
1120 2055 1235 2089 effuse
1262 2055 1473 2089 Acidah'us:

117 2104 224 2140 effusi
250 2108 288 2138 A
408 2108 450 2139 10
475 2104 691 2150 memoriae]
719 2104 919 2138 momoriae
945 2107 980 2137 P.
1100 2107 1142 2137 12
1169 2101 1472 2147 Lacedaemonii]

117 2151 426 2187 lacedemomonii
451 2156 487 2186 P
565 2157 608 2186 14
635 2151 724 2197 dux]
753 2151 826 2185 dax
845 2155 870 2184 P
890 2163 934 2186 rm.
950 2163 1010 2195 pr.
1087 2154 1129 2184 16
1156 2150 1290 2195 partis]
1318 2149 1471 2194 partic

121 2203 163 2234 19
190 2200 445 2246 patiebantur]
478 2199 725 2244 paciebantur
750 2202 824 2233 Fv
955 2201 999 2231 20
1033 2198 1252 2242 spectabant
1279 2201 1304 2230 P
1326 2209 1368 2231 m.
1399 2208 1471 2240 pr..

120 2247 368 2290 expectabant
395 2250 426 2280 c
550 2251 593 2281 22
622 2246 892 2291 accendebant]
926 2245 1177 2280 ascendebant
1203 2248 1228 2278 Β
1257 2257 1299 2278 m.
1315 2256 1386 2289 pr.
1415 2254 1472 2278 ac

121 2293 302 2328 cedebant
321 2298 357 2327 P.
456 2298 500 2329 24
526 2294 655 2339 fugere
675 2293 1047 2337 Bentleius:fi1geret
1068 2295 1107 2327 A.
1207 2296 1250 2326 25
1272 2291 1473 2336 dissipatos

121 2342 260 2376 Lauer:
289 2341 547 2385 dissipatusA
552 2369 558 2375 .
658 2344 700 2374 26
729 2341 841 2385 Agin]
870 2340 984 2384 hagin
1012 2343 1151 2374 BFPV.
