1610 2522
60 459 101 490 18

62 757 101 786 19

62 1708 106 1738 23

132 101 214 142 184
630 99 669 141 Q.
698 99 841 134 CURTI
868 99 981 133 RUFI

131 209 212 251 Hic
244 208 475 263 Amyntae,
522 208 593 262 qui
634 209 740 249 mihi
774 207 1052 249 consobrinus
1084 208 1168 249 fuit
1199 210 1241 248 et
1273 206 1315 247 in
1348 206 1484 248 Mace-

130 270 256 311 donia
289 268 415 324 capiti
450 282 544 308 meo
572 267 724 322 impias
752 267 1000 321 conparavit
1033 266 1219 319 insidias,
1251 267 1413 308 socium
1440 280 1484 307 se

128 331 171 370 et
221 328 437 370 conscium
489 327 692 368 adiunxit.
767 326 851 368 Hic
895 326 1063 379 Attalo,
1114 341 1197 380 quo
1243 325 1481 381 graviorem

129 388 347 429 inimicum
393 401 479 427 non
520 386 670 437 habui,
715 400 903 428 sororem
937 401 1055 427 suani
1090 386 1133 427 in
1164 385 1483 427 matrimonium

131 448 256 488 dedit.
308 446 402 500 Hic,
436 460 529 487 cum
564 446 828 500 scripsissem
861 446 899 486 ei
929 460 1006 499 pro
1034 446 1124 487 iure
1149 448 1236 487 tam
1263 444 1484 486 familiaris
1523 462 1539 488 5

130 521 231 548 usus
259 509 386 560 atque
413 505 638 560 amicitiae,
671 505 808 559 qualis
836 520 926 546 sors
953 504 1065 546 edita
1092 508 1204 546 esset
1223 503 1336 545 Iovis
1356 503 1485 545 Ham-

130 566 268 607 monis
313 565 502 619 oraculo,
547 565 751 606 sustinuit
794 564 1046 617 rescribere,
1088 563 1193 605 mihi
1234 578 1276 605 se
1315 563 1485 617 quidem

129 626 354 681 gratulari,
399 624 512 678 quod
556 624 599 665 in
639 639 860 665 numerum
900 624 1074 665 deorum
1110 626 1304 678 receptus
1338 637 1486 676 essem,

130 688 317 726 ceterum
363 684 554 725 misereri
598 698 763 736 eorum,
807 683 962 737 quibus
1001 683 1227 724 vivendum
1261 684 1373 723 esset
1405 681 1484 723 sub

130 759 192 797 eo,
225 745 298 798 qui
331 743 505 785 modum
536 743 723 785 hominis
756 742 985 784 excederet.
1048 742 1165 783 Haec
1197 744 1295 783 sunt
1328 744 1369 782 et
1401 742 1485 782 iam
1507 758 1540 783 ιο

130 804 293 858 pridem
327 803 457 844 animi
491 802 664 844 alienati
697 817 721 843 a
751 818 818 843 nie
852 805 893 843 et
927 802 1156 843 invidentis
1183 801 1343 857 gloriae
1370 813 1486 842 meae

131 863 296 904 indicia.
366 862 482 912 Quae
527 862 741 916 equidem,
785 862 961 915 milites,
1007 861 1209 915 quamdiu
1254 860 1392 914 licuit,
1442 859 1486 900 in

131 923 271 964 animo
316 937 410 963 meo
461 923 607 976 pressi.
674 920 863 963 Videbar
911 921 1024 962 enim
1070 919 1176 961 mihi
1220 923 1383 974 partem
1427 919 1487 960 vi-

131 997 295 1024 scerum
316 996 508 1022 meorum
529 981 793 1035 abrumpere,
820 980 868 1035 si,
895 980 938 1021 in
966 995 1072 1034 quos
1099 982 1185 1021 tam
1210 994 1365 1035 magna
1391 992 1486 1020 con-

131 1041 330 1094 tuleram,
374 1041 546 1082 viliores
585 1040 691 1081 mihi
728 1041 923 1082 facerem.
992 1038 1074 1081 Sed
1113 1040 1197 1080 iam
1235 1053 1318 1079 non
1358 1037 1488 1079 verba
1508 1055 1540 1082 ιε

130 1100 345 1155 punienda
384 1103 499 1142 sunt:
540 1100 710 1155 linguae
752 1100 968 1141 temeritas
1000 1099 1195 1153 pervenit
1226 1098 1279 1138 ad
1310 1097 1486 1154 gladios.

131 1160 235 1214 Hos,
268 1160 303 1201 si
335 1160 441 1201 mihi
475 1159 657 1213 creditis,
689 1158 882 1200 Philotas
910 1159 950 1199 in
979 1173 1045 1199 me
1072 1159 1197 1212 acuit,
1229 1157 1263 1198 si
1291 1157 1386 1212 ipsi,
1417 1156 1486 1198 ad-

60 1239 69 1248 ·
131 1220 260 1261 misit.
324 1218 416 1268 Quo
455 1234 523 1261 me
563 1218 795 1273 conferam,
840 1218 1027 1260 milites?
1075 1218 1141 1258 cui
1180 1219 1308 1271 caput
1345 1231 1485 1257 meum

133 1279 330 1321 credam?
381 1278 624 1333 Equitatui,
663 1278 850 1333 optimae
882 1277 1092 1319 exercitus
1125 1277 1254 1331 parti,
1286 1275 1485 1330 principi-

132 1338 212 1380 bus
253 1338 544 1380 nobilissimae
595 1338 848 1390 iuventutis,
899 1352 993 1378 eum
1044 1336 1246 1391 praefeci,
1296 1335 1487 1387 salutem,
1507 1353 1542 1378 20

132 1412 267 1452 spem,
311 1398 534 1440 victoriam
572 1412 709 1438 meam
749 1397 848 1438 fidei
881 1397 970 1438 eius
1003 1395 1246 1449 tutelaeque
1279 1394 1486 1436 commisi.

87 1479 93 1485 ·
131 1457 302 1499 Patrem
348 1457 391 1497 in
430 1457 539 1498 idem
579 1456 817 1512 fastigium,
862 1456 906 1497 in
938 1470 1022 1509 quo
1056 1470 1122 1496 me
1155 1455 1238 1509 ipsi
1271 1454 1487 1508 posuistis,

133 1517 316 1569 admovi,
347 1517 544 1569 Mediam,
578 1531 661 1570 qna
691 1518 810 1557 nulla
837 1515 1081 1570 opulentior
1107 1514 1224 1569 regio
1252 1516 1327 1567 est,
1353 1516 1395 1554 et
1421 1515 1488 1554 tot

132 1576 287 1617 civium
348 1576 646 1629 sociorumque
705 1576 821 1616 milia
874 1575 1051 1628 imperio
1103 1575 1194 1615 eius
1245 1573 1486 1627 dicionique

134 1636 304 1677 subieci.
367 1635 490 1677 Unde
522 1634 782 1690 praesidium
815 1635 1032 1688 petieram,
1066 1633 1300 1686 periculum
1334 1632 1487 1673 extitit.
1508 1648 1541 1674 25

134 1695 269 1744 Quam
303 1695 486 1736 feliciter
520 1696 559 1735 in
594 1695 681 1735 acie
709 1694 967 1746 occidissem,
999 1692 1144 1748 potius
1171 1691 1308 1733 hostis
1334 1691 1489 1746 praeda

232 1864 248 1893 1
270 1859 470 1905 Amyntae]
486 1859 650 1892 amintae
665 1861 771 1891 FLV.
845 1862 864 1890 2
887 1857 1043 1903 socium]
1059 1856 1195 1891 sotium
1209 1860 1244 1889 P.
1313 1860 1334 1889 4
1355 1854 1487 1900 habui]

135 1906 222 1940 abui
247 1910 283 1940 P.
394 1912 413 1940 5
442 1907 475 1940 ei
501 1910 533 1939 1:
563 1907 599 1939 et
625 1909 663 1938 A.
775 1909 794 1938 6
822 1905 949 1950 atque]
978 1904 1099 1948 adque
1125 1907 1160 1937 L.
1281 1901 1486 1948 amicitiae]

135 1953 319 1988 amititiae
339 1957 375 1988 P.
403 1953 596 1987 amiciciae
621 1956 660 1986 V.
735 1952 954 1986 Hammonis
974 1956 1015 1985 P:
1044 1949 1225 1985 ammonis
1247 1954 1279 1984 c.
1362 1953 1379 1983 7
1408 1960 1487 1984 ora-

135 2001 234 2047 culo]
256 2001 405 2035 araculo
425 2005 451 2034 P
473 2013 514 2035 ηι.
531 2013 590 2045 pr.
668 2003 709 2033 10
737 2001 774 2034 et
794 2000 867 2033 iam
890 2000 1093 2034 Bentleius:
1119 1998 1231 2032 etiam
1253 2001 1292 2031 A.
1370 2001 1410 2030 12
1433 1997 1488 2030 in-

135 2049 249 2095 dicia]
276 2049 412 2082 inditia
437 2052 472 2082 P.
583 2047 772 2092 equidem]
800 2047 974 2091 *quidem
1000 2050 1035 2080 P.
1148 2050 1189 2080 15
1217 2044 1381 2090 viliores]
1408 2044 1487 2078 uio-

135 2096 230 2130 lares
256 2100 282 2129 P
304 2108 346 2130 m.
364 2108 421 2140 pr.
531 2099 572 2129 16
599 2095 805 2140 punienda]
832 2094 1043 2138 puniendae
1068 2097 1093 2126 P
1113 2106 1158 2128 m.
1174 2105 1232 2137 pr.
1334 2095 1375 2125 17
1402 2091 1486 2126 Phi-

135 2144 248 2189 lotas]
284 2144 457 2188 phylotas
485 2147 516 2176 c.
641 2145 684 2176 18
720 2142 849 2187 caput]
886 2141 1008 2185 capud
1040 2144 1075 2174 P.
1201 2145 1242 2174 1¹.)
1276 2139 1487 2185 Equitatui]

135 2191 329 2234 aequitatu
350 2195 375 2224 P
397 2204 438 2225 m.
456 2203 514 2235 pr.
583 2189 832 2235 principibus]
852 2188 1043 2233 princibus
1063 2192 1098 2222 P.
1169 2191 1212 2222 20
1236 2199 1320 2221 eum
1339 2188 1485 2230 scripsi:

134 2249 248 2271 unum
276 2242 314 2272 A.
445 2242 485 2271 21
516 2237 699 2282 commisi]
727 2237 879 2271 commis
906 2240 931 2269 P
952 2248 994 2269 m.
1016 2247 1074 2280 pr.
1196 2239 1239 2269 ‘23
1266 2234 1427 2268 Mediam
1452 2237 1486 2267 1:

136 2309 257 2343 media
285 2312 322 2344 Α.
453 2309 504 2355 et]
530 2311 573 2343 ut
599 2313 634 2350 P,
655 2289 682 2337 ἐξ
709 2311 744 2341 B.
869 2310 911 2340 24
939 2306 1167 2352 dicionique]
1195 2305 1403 2348 ditionique
1433 2307 1488 2338 GP

136 2370 180 2391 vm.
203 2368 267 2392 rec.
374 2361 416 2391 25
444 2356 642 2402 petieram]
668 2355 854 2400 pecieram
876 2358 914 2388 V.
1000 2357 1043 2387 ‘36
1070 2353 1211 2400 potius]
1238 2352 1366 2397 pocius
1387 2355 1426 2385 V.
