1610 2522
51 1832 93 1861 :29

135 105 213 143 114)
628 105 667 143 Q.
696 102 836 136 Ci'n'rl
868 102 974 136 ΒΓΗ

129 212 291 266 pedites
337 213 392 253 ire
439 213 576 253 iussit:
623 212 711 266 ipse
753 225 847 251 cnm
889 225 1011 252 curru
1056 211 1199 251 urbem
1245 226 1293 251 ac-
1332 210 1482 252 deinde

131 273 288 323 regiam
334 271 518 312 intravit.
592 270 766 312 Postero
811 270 876 311 die
919 270 1226 324 supellectilem
1273 269 1397 311 Darei
1441 274 1482 311 et

130 346 297 371 omnem
335 331 555 384 pecuniam
590 330 850 385 recognovit.

219 390 415 431 Ceterum
456 391 588 443 ipsius
629 389 744 430 urbis
777 388 1052 444 pulchritudo
1092 404 1139 429 ac
1174 391 1363 430 vetustas
1397 393 1525 430 non4

131 451 239 503 regis
272 449 412 502 modo,
451 449 523 489 sed
556 450 683 490 etiam
718 450 907 490 omnium
944 449 1090 489 oculos
1130 450 1171 489 in
1206 451 1337 489 semet
1370 448 1481 489 haud
1521 467 1535 492 5

131 510 325 550 inmerito
365 508 585 550 convertit.
657 508 905 549 Samiramis
945 523 1035 549 eam
1076 508 1339 560 condiderat,
1384 522 1482 561 non,

128 574 173 609 nt
215 570 408 623 plerique
451 568 682 622 credidere,
723 567 870 620 Belus,
913 568 1031 608 cuius
1074 569 1191 623 regia
1233 567 1481 608 ostenditur.

79 640 92 668 .·
128 628 275 669 Murus
318 628 550 669 instructus
592 628 798 670 laterculo
847 628 989 668 coctili
1035 627 1243 668 bitumine
1293 627 1480 668 interlito

127 688 313 741 spatium
356 699 451 727 xxx
494 691 535 728 et
577 687 757 728 duorum
801 687 956 741 pedum
1002 688 1044 727 in
1085 686 1353 728 latitudinem
1397 701 1482 726 am-

126 748 345 801 plectitur:
389 747 617 800 quadrigae
651 748 760 787 inter
793 761 834 787 se
869 750 1136 787 occurrentes
1169 747 1259 787 sine
1291 745 1480 799 periculo
1505 764 1537 790 ιο

90 819 95 825 ·
127 822 364 848 commeare
386 807 596 848 dicuntur.
659 806 857 847 Altitudo
879 807 989 846 muri
1017 821 1040 846 L
1061 805 1301 846 cubitorum
1324 805 1483 846 eminet

126 867 283 920 spatio:
318 870 453 907 turres
481 866 600 907 denis
628 866 808 920 pedibus
835 880 960 918 quam
990 880 1138 906 murus
1165 865 1336 905 altiores
1370 868 1479 905 sunt.

126 925 277 967 Totius
329 927 469 980 operis
521 925 706 966 ambitus
759 937 939 966 CCCLXV
991 925 1127 966 stadia
1178 924 1480 978 conplectitur:

125 986 393 1041 singulorum
428 985 661 1026 stadiorum
695 988 953 1027 structuram
989 984 1169 1037 singulis
1203 983 1351 1025 diebus
1390 998 1482 1037 per-

126 1046 279 1086 fectam
323 1059 413 1086 esse
458 1045 686 1086 memoriae
728 1045 945 1098 proditum
995 1047 1070 1085 est.
1141 1043 1347 1084 Aedificia
1395 1057 1534 1086 1101115

126 1109 225 1145 sunt
258 1105 430 1145 admota
463 1105 609 1157 muris,
643 1104 715 1145 sed
748 1104 834 1146 fere
863 1105 1048 1158 spatium
1084 1103 1219 1159 iugeri
1252 1103 1378 1144 unius
1412 1102 1480 1143 ab·

125 1167 234 1205 sunt.
298 1163 363 1205 Ac
394 1178 446 1205 116
474 1167 608 1206 totam
637 1163 806 1217 quidem
841 1164 987 1205 urbem
1014 1164 1138 1204 tectis
1166 1166 1483 1216 occupaverunt

125 1249 178 1252 —
213 1238 288 1278 per
321 1235 449 1264 LXXX
481 1223 618 1264 stadia
651 1223 925 1264 habitabatur
962 1248 1026 1275 ——,
1059 1237 1137 1264 nec
1173 1222 1315 1264 omnia
1348 1222 1482 1262 conti-

122 1298 207 1324 nua
239 1287 349 1333 sunt,
385 1283 522 1337 credo,
561 1284 662 1337 quia
700 1283 834 1324 tutius
867 1283 1004 1323 visum
1046 1286 1109 1323 est
1142 1282 1335 1335 pluribus
1374 1281 1480 1322 locis

123 1344 278 1398 spargi.
344 1342 495 1384 Cetera
536 1346 683 1384 serunt
724 1343 972 1396 coluntque,
1014 1345 1079 1395 ut,
1124 1343 1158 1382 si
1201 1344 1374 1382 externa
1416 1341 1478 1382 vis
1500 1358 1534 1383 20

123 1404 306 1457 ingruat,
349 1402 534 1444 obsessis
577 1403 776 1443 alimenta
818 1417 867 1443 ex
911 1402 1045 1455 ipsius
1088 1401 1206 1442 urbis
1248 1401 1339 1441 solo
1383 1399 1479 1440 sub·

124 1463 433 1503 ministrentur.
510 1462 752 1516 Euphrates
796 1461 1003 1502 interfluit
1044 1475 1307 1516 magnaeque
1355 1458 1479 1500 molis

123 1521 414 1576 crepidinibus
457 1526 683 1563 coercetur.
750 1521 830 1563 Sed
871 1521 1060 1562 omnium
1101 1534 1278 1574 operum
1319 1519 1479 1575 magni-

121 1582 311 1622 tudinem
347 1581 686 1622 circumveniunt
726 1595 928 1622 cavernae
962 1581 1176 1635 ingentem
1217 1580 1257 1620 in
1293 1578 1478 1620 altitudi-

122 1655 219 1681 nem
252 1655 421 1694 pressae
460 1641 510 1681 ad
545 1640 836 1695 accipiendum
873 1640 1079 1694 impetum
1114 1639 1320 1680 fluminis:
1363 1638 1477 1692 quod
1498 1654 1530 1680 2⁵

125 1700 194 1740 ubi
229 1700 450 1754 adpositae
478 1699 707 1754 crepidinis
734 1700 955 1755 fastigium
989 1699 1182 1751 excessit,
1215 1698 1332 1739 urbis
1365 1700 1478 1738 tecta

123 1760 366 1813 corriperet,
398 1760 481 1800 nisi
515 1762 655 1800 essent
687 1773 837 1813 specus
871 1760 1083 1811 lacusque.
1117 1758 1189 1812 qui
1223 1758 1476 1812 exciperent.

122 1818 274 1860 Coctili
320 1819 525 1861 laterculo
572 1819 719 1860 structi
767 1822 883 1872 sunt,
931 1821 1068 1859 totum
1116 1832 1221 1871 opus
1268 1817 1476 1857 bitumine

120 1878 411 1933 adstringitur.
475 1878 587 1920 Pons
632 1878 824 1932 lapideus
870 1877 1034 1918 flumini
1081 1876 1292 1930 inpositus
1338 1876 1475 1928 iungit

217 2035 236 2065 ‘2
264 2030 552 2076 supellectilem}
574 2029 871 2074 suppellectilem
893 2033 966 2063 FV.
1066 2033 1085 2063 6
1111 2028 1324 2062 Samiramis
1355 2028 1474 2073 Voyel:

121 2079 337 2113 Sameramis
363 2082 402 2112 A.
509 2081 526 2111 7
554 2078 673 2123 regia]
701 2088 737 2111 re
768 2077 777 2110 i
805 2081 830 2110 P
858 2090 899 2111 m.
917 2089 974 2121 pr.
1087 2080 1106 2111 8
1134 2076 1337 2110 insti-uetus
1362 2087 1428 2109 om.
1450 2079 1475 2108 P

123 2138 233 2170 mpr.
297 2126 463 2160 interlito
477 2127 623 2169 scripsi:
645 2090 833 2159 interlitus
845 2128 883 2158 A.
948 2128 967 2158 9
989 2125 1167 2169 spatium}
1186 2123 1351 2167 spacium
1367 2127 1401 2156 P.

122 2175 158 2207 in
182 2174 419 2208 latitudinem
433 2174 725 2209 Freinshemius:
747 2172 985 2206 latitudinem
1000 2175 1038 2205 A.
1116 2177 1158 2206 13
1181 2184 1314 2205 σιτ-ων
1331 2172 1476 2206 Bri-sso-

122 2223 221 2256 nae'nsz
257 2224 493 2255 1’1·1,·1,.111’111Δ.
618 2224 660 2255 15
694 2220 889 2265 Aedificia]
925 2219 1102 2254 aedeficia
1127 2223 1163 2253 L.
1287 2223 1329 2253 19
1355 2219 1474 2252 visum

121 2272 175 2302 est
202 2273 234 2302 1:
268 2269 389 2303 uisum
416 2272 453 2303 et
479 2272 517 2302 A.
629 2272 670 2302 21
700 2268 849 2311 ingruat
876 2269 1017 2302 Laeter:
1045 2267 1219 2312 ingrauat
1239 2270 1267 2299 A
1294 2266 1475 2311 [ingrauit

121 2319 146 2349 B
175 2330 216 2350 m.
234 2318 320 2362 ]η’.].
439 2321 482 2351 2-3
509 2315 706 2361 interfluit]
732 2315 902 2350 interfuit
922 2319 947 2348 P
970 2327 1011 2350 m.
1028 2327 1086 2359 pr.
1198 2318 1242 2348 23
1269 2313 1473 2358 coercetur]

121 2363 337 2398 cohercetui·
355 2367 428 2397 LV.
528 2368 571 2398 24
598 2363 787 2408 ingentem
813 2364 959 2407 scripsi:
986 2363 1155 2408 ingentes
1182 2365 1220 2395 A.
