1610 2522
136 100 221 142 292
639 98 678 140 Q.
707 97 850 133 CURTI
877 97 990 132 RUFI

132 213 273 250 ment-i
318 209 547 263 conpulsos
593 212 762 249 secutus
800 207 947 248 urbem
986 207 1029 247 in
1068 206 1279 249 dicionem
1314 206 1487 262 redegit.

86 283 104 311 :3
133 268 270 309 Multa
311 268 517 321 i‹rnobilia
550 268 708 322 oppida
740 267 907 307 deserta
939 282 962 306 a
995 266 1082 307 suis
1116 280 1268 307 venere
1300 266 1344 306 in
1376 266 1488 321 regis

132 331 402 382 potestatem
466 326 656 376 Quorum
698 326 859 366 incolae
897 325 1048 366 armati
1092 329 1255 379 petram
1296 325 1487 367 Aornum

131 387 303 428 nomine
350 391 674 441 occupaverunt.
738 384 861 426 Hanc
906 385 958 426 ab
993 384 1175 426 Hercule
1219 385 1380 425 frustra
1417 384 1490 426 ob-

133 461 291 488 sessam
334 461 423 487 esse
466 449 687 499 terraeque
732 447 850 485 motu
893 448 1086 485 coactum
1127 444 1334 485 absistere
1379 445 1492 485 fama

87 518 106 547 3
132 506 392 561 vulgaverat.
444 504 617 559 Inopem
653 504 819 546 consilii
842 503 1144 556 Alexandrum,
1178 503 1278 557 quia
1306 503 1491 557 undique

133 579 334 620 praeceps
368 567 409 606 et
441 565 623 618 abrupta
655 578 781 618 rupes
814 566 917 616 erat,
950 563 1092 604 senior
1124 563 1296 617 quidam
1328 562 1492 618 peritus

132 625 326 666 locorum
370 639 466 666 cum
510 624 676 664 duobus
717 622 819 664 filiis
863 622 984 677 adiit,
1035 623 1072 663 si
1111 622 1298 676 pretium
1341 635 1492 675 operae

88 698 107 727 4
133 687 256 737 esset,
291 684 454 725 aditum
487 698 531 724 se
566 685 900 724 monstraturum
929 696 1019 723 esse
1046 682 1313 735 promittens.
1367 692 1491 721 Lxxx

133 743 294 785 talenta
346 744 572 785 constituit
621 742 821 783 daturum
872 741 1113 782 Alexander
1163 744 1206 782 et
1255 740 1389 781 altero
1442 755 1491 781 ex

133 803 358 844 iuvenibus
386 803 532 843 obside
560 806 724 844 retento
752 802 893 855 ipsum
920 801 972 841 ad
999 801 1256 855 exequenda,
1288 815 1395 854 quae
1422 799 1494 841 ob·

88 877 106 905 5
134 862 304 916 tulerat,
337 863 511 903 dimisit.
575 862 744 902 Leviter
776 862 952 902 armatis
987 860 1072 901 dux
1104 860 1228 901 datus
1261 863 1325 900 est
1354 858 1495 912 Myui-

135 937 228 975 nas,
273 922 413 964 scriba
458 922 583 978 regis.
647 921 737 962 Hos
783 921 895 961 enim
936 920 1134 972 circuitu,
1181 934 1264 973 quo
1299 919 1496 960 fallerent

89 997 107 1025 c
135 981 320 1036 hostem,
367 982 407 1022 in
449 996 662 1022 summum
702 981 850 1035 iugum
891 979 1087 1033 placebat
1119 979 1305 1019 evadere.
1369 978 1494 1019 Petra

134 1056 232 1094 non,
266 1045 312 1082 ut
344 1041 588 1095 pleraeque,
634 1039 813 1081 modicis
852 1053 900 1080 ac
933 1039 1134 1080 mollibus
1168 1038 1288 1081 clivis
1323 1037 1366 1078 iu
1399 1037 1496 1078 sub-

134 1100 235 1141 lime
273 1101 495 1155 fastigium
539 1102 707 1153 crescit,
751 1099 825 1140 sed
857 1098 899 1138 in
934 1101 1069 1139 metae
1102 1098 1287 1139 maxime
1321 1096 1495 1138 modum

135 1163 274 1202 erecta
307 1163 381 1214 est,
415 1160 533 1201 cuius
567 1159 653 1200 ima
685 1158 939 1213 spatiosiora
966 1161 1076 1209 sunt,
1109 1157 1262 1198 altiora
1289 1158 1333 1198 in
1359 1156 1494 1197 artius

90 1235 107 1265 7
135 1223 300 1273 coeunt,
333 1234 500 1260 summa
532 1219 576 1259 in
608 1222 781 1260 acutum
808 1232 1009 1260 cacumen
1037 1219 1262 1272 exurgunt.
1314 1215 1495 1257 Radices

135 1279 225 1321 eius
258 1278 388 1320 Indus
434 1280 571 1320 amnis
617 1278 750 1332 subit,
795 1278 1026 1331 praealtus,
1071 1277 1287 1330 utrimque
1332 1275 1494 1330 asperis

136 1339 256 1392 ripis:
302 1339 355 1379 ab
390 1338 522 1380 altera
553 1341 675 1393 parte
708 1337 931 1392 voragines
964 1336 1208 1390 eluviesque
1242 1337 1496 1389 praeruptae

138 1402 248 1439 sunt.
312 1398 402 1440 Nec
434 1398 517 1439 alia
551 1396 822 1452 expugnandi
856 1395 1030 1450 patebat
1069 1395 1154 1449 via,
1197 1409 1325 1449 quam
1358 1397 1405 1434 ut
1438 1409 1497 1434 re-

91 1474 110 1500 s
138 1459 367 1513 plerentur.
432 1457 499 1498 Ad
532 1471 706 1498 manum
739 1456 845 1497 silva
878 1458 984 1496 erat:
1022 1469 1148 1520 quam
1182 1469 1256 1495 rex
1289 1454 1348 1495 ita
1382 1452 1499 1495 caedi

139 1517 275 1569 iussit,
308 1520 355 1558 ut
387 1517 490 1558 nudi
524 1516 692 1570 stipites
732 1516 990 1558 iacer:entur
1030 1514 1188 1568 quippe
1215 1514 1322 1554 rami
1348 1512 1498 1554 fronde

139 1577 284 1617 vestiti
317 1576 580 1631 inpedissent
612 1576 806 1616 ferentes.
869 1573 966 1628 Ipse
999 1574 1164 1628 primus
1198 1576 1394 1613 truncam
1437 1586 1501 1612 ar-

141 1636 287 1677 borem
332 1637 448 1689 iecit,
500 1636 746 1689 clamorque
787 1634 997 1675 exercitus
1044 1632 1144 1688 [se]‚
1184 1632 1310 1673 index
1354 1631 1500 1673 alacri-

141 1696 260 1749 tatis⁷
295 1699 464 1737 secutus
504 1698 566 1737 est
609 1696 728 1736 nullo
769 1694 1030 1734 detrectmte
1068 1706 1243 1746 munus,
1281 1691 1396 1745 quod
1427 1704 1501 1731 rex

94 1770 113 1800 9
141 1756 376 1810 occupavit.
399 1754 469 1796 Sic
484 1754 596 1795 intra
616 1754 846 1808 septimum
867 1753 977 1793 diem
997 1766 1197 1793 cavernas
1214 1751 1500 1805 expleverant,

141 1829 236 1856 cum
269 1829 342 1855 rex
376 1814 622 1869 sagittarios
657 1817 698 1854 et
729 1813 944 1865 Agrianos
977 1812 1095 1852 iubet
1133 1825 1208 1865 per
1243 1810 1374 1851 ardua
1404 1809 1498 1850 niti.

139 1874 401 1927 Iuvenesque
428 1873 775 1927 promptissimos
803 1886 853 1912 ex
886 1886 962 1912 sua
989 1871 1165 1912 cohorte
1192 1881 1288 1910 XXX
1319 1868 1498 1923 delegit:

239 1984 254 2013 1
283 1979 484 2024 dicionem]
512 1977 691 2012 ditionem
718 1981 753 2010 P
861 1976 1022 2021 redegit]
1049 1974 1187 2019 redigit
1213 1978 1248 2008 P.
1359 1977 1377 2008 3
1405 1974 1497 2007 Aor-

141 2039 228 2062 num
257 2026 608 2062 F1·0benine:aor11i
636 2026 673 2058 in
695 2027 806 2062 LPV,
834 2024 953 2058 aorini
979 2023 1018 2056 in
1044 2025 1080 2065 Β,
1108 2023 1211 2056 aorni
1239 2025 1274 2055 F.
1361 2027 1381 2054 8
1410 2031 1498 2065 ope-

143 2086 204 2109 rae
231 2078 327 2109 esset
358 2075 584 2108 Letellerims
614 2073 788 2118 obpesset
821 2075 930 2113 BFP
958 2070 1173 2124 obpieesset
1199 2072 1271 2111 Lv
1299 2070 1339 2103 in
1367 2072 1388 2102 G
1415 2068 1501 2102 add.

145 2125 186 2158 in
211 2124 375 2166 marqim
408 2121 468 2155 uel
501 2120 622 2165 operis
657 2122 753 2155 esset
786 2120 843 2165 [in
875 2123 901 2151 F
928 2120 1023 2153 mter
1048 2119 1130 2161 ipsa
1155 2118 1344 2161 scriptoris
1369 2115 1504 2160 zeiba]

147 2174 188 2204 11
217 2170 362 2215 obside]
396 2169 525 2213 opside
551 2172 587 2201 P
663 2167 727 2213 ad]
760 2170 799 2201 at
825 2170 860 2199 P.
963 2170 1004 2199 12
1031 2164 1208 2208 Myllinas
1234 2165 1382 2207 scripsi:
1409 2162 1503 2196 mul-

145 2218 242 2251 linus
270 2221 310 2251 A.
431 2220 472 2250 13
500 2226 572 2259 quo
600 2213 983 2257 Fre13n-11e112ius:qui
1009 2215 1207 2245 A.1T
1229 2211 1395 2291 altiora]l
1416 2209 1504 2243 alei-

146 2276 209 2299 ora
235 2269 274 2298 V.
351 2264 485 2309 artius]
515 2263 635 2297 arcius
662 2266 721 2296 ΕΙ,
742 2274 786 2296 m.
802 2274 861 2306 pr
883 2264 956 2294 Pv
1033 2263 1077 2294 20
1105 2259 1233 2293 eluvie
1229 2258 1380 2304 sque]e
1400 2257 1504 2291 uuies

146 2316 172 2346 B
195 2325 236 2346 m.
255 2325 312 2357 pr.
389 2315 430 2345 21
461 2312 518 2345 via
538 2322 604 2346 om.
626 2314 664 2344 V.
742 2314 784 2343 25
813 2308 883 2354 [se]
904 2309 969 2343 del.
995 2307 1148 2342 Θήαηια.
1225 2310 1267 2340 27
1296 2304 1503 2350 occupavit.

146 2360 204 2394 Sic
230 2360 377 2403 scripsi:
405 2358 667 2403 occupauisset
693 2361 731 2390 A.

1529 461 1543 486 5

1514 757 1548 783 10

1516 1055 1548 1080 15

1517 1352 1551 1377 20

1521 1647 1554 1673 25

1521 1751 1572 1788 40
