1610 2522
99 356 140 385 19

95 652 140 682 20

95 891 136 920 21

96 1128 139 1158 22

95 1603 140 1633 24

96 1840 139 1871 25

168 116 254 158 336
675 117 715 159 Q.
743 117 886 152 CURTI
911 118 1021 152 RUFI

168 229 291 280 cepta
336 226 529 267 condicio
575 229 648 267 est.
713 226 775 268 Ac
823 230 990 280 postero
1032 227 1098 268 die
1130 242 1221 280 rex,
1267 242 1360 268 cum
1395 228 1521 268 etiam

168 286 306 326 acrius
339 288 549 326 certamen
585 289 871 340 exposcerent,
917 287 1017 340 quia
1049 286 1257 328 deterrere
1290 300 1377 327 non
1408 290 1525 341 pote-

171 348 250 397 rat,
289 345 499 386 destinata
537 346 687 399 exequi
721 360 870 399 passus
904 349 977 387 est.
1041 345 1196 401 Ingens
1231 345 1293 386 vis
1327 345 1525 399 militum,

169 404 280 444 inter
312 419 418 458 quos
452 408 570 445 erant
605 403 763 458 Graeci,
795 405 1015 459 Dioxippo
1049 405 1286 446 studebant.
1349 405 1523 447 Macedo

168 464 281 504 iusta
331 479 446 504 arma
497 467 754 517 sumpserat,
814 479 983 505 aereum
1036 465 1220 519 clipeum
1272 464 1525 518 hastamque

170 548 222 551 ——
257 523 432 563 sarisam
479 526 632 564 vocant
666 548 719 552 ——
753 524 872 564 laeva
909 527 1076 576 tenenS,
1122 524 1293 564 dextera
1334 523 1524 565 lanceam

168 582 396 637 gladioque
430 583 605 636 cinctus,
638 582 754 623 velut
788 597 884 624 cum
917 583 1112 637 pluribus
1146 583 1272 624 simul
1305 583 1523 624 dimicatu-

167 656 259 682 rus:
293 641 536 695 Dioxippus
582 643 674 682 oleo
720 643 859 683 nitens
905 646 946 683 et
990 646 1217 683 coronatus
1256 642 1374 683 laeva
1405 643 1525 697 puni-

167 715 286 742 ceum
321 701 570 754 amiculum,
608 702 753 742 dextra
787 701 974 743 validum
1007 701 1301 755 nodosumque
1334 702 1525 756 stipitem

167 760 445 814 praeferebat.
496 760 559 800 Ea
594 761 686 814 ipsa
718 775 784 802 res
819 762 1008 802 omnium
1039 762 1204 802 animos
1231 761 1525 815 expectatione

168 820 463 873 suspenderat:
498 821 656 874 quippe
689 823 853 861 armato
885 821 1085 875 congredi
1114 820 1273 861 nudum
1302 820 1525 875 dementia,

166 894 254 920 non
285 880 501 920 temeritas
535 879 771 920 videbatur.
834 879 973 935 Igitur
1006 879 1193 933 Macedo,
1225 880 1339 921 haud
1372 880 1524 921 dubius

167 938 333 980 eminus
367 939 546 980 interfici
582 953 718 993 posse,
751 939 939 980 lanceam
974 940 1125 981 emisit.
1187 938 1323 988 Quam
1351 939 1525 993 Dioxip-

167 1013 246 1052 pus
292 1013 385 1039 cum
434 999 586 1053 exigua
629 999 819 1052 corporis
860 998 1141 1040 declinatione
1175 999 1367 1052 vitasset,
1411 1002 1523 1040 ante-

168 1071 295 1111 quam
339 1058 411 1099 ille
454 1057 619 1098 hastam
666 1060 914 1099 transferret
946 1059 990 1099 in
1023 1059 1234 1112 dextram,
1279 1058 1452 1100 adsiluit
1484 1060 1526 1099 et

168 1116 313 1170 stipite
352 1117 533 1158 mediam
574 1132 664 1157 eam
699 1117 838 1173 fregit.
901 1118 1072 1159 Amisso
1106 1121 1287 1172 utroque
1319 1118 1404 1158 telo
1437 1117 1525 1158 Ma-

167 1177 270 1218 cedo
304 1176 495 1232 gladium
528 1180 725 1231 coeperat
759 1177 979 1232 stringere,
1013 1191 1107 1217 cum
1143 1180 1396 1231 occupatum
1427 1191 1523 1218 con-

166 1237 295 1290 plexu
328 1236 506 1290 pedibus
541 1240 713 1290 repente
743 1237 964 1277 subductis
990 1236 1232 1290 Dioxippus
1260 1237 1456 1277 arietavit
1482 1236 1524 1277 in

166 1299 323 1336 terram
357 1299 588 1350 ereptoque
621 1296 764 1351 gladio
800 1296 948 1349 pedem
982 1311 1108 1350 super
1138 1295 1341 1337 cervicem
1370 1296 1525 1337 iacenti

168 1354 359 1409 inposuit
401 1355 594 1409 stipitem
627 1356 842 1396 intentans
876 1355 1141 1409 elisurusque
1174 1370 1222 1395 eo
1256 1356 1435 1408 victum,
1480 1354 1523 1395 ni

167 1414 412 1468 prohibitus
446 1418 556 1455 esset
589 1430 611 1455 a
638 1429 746 1469 rege.
800 1414 953 1455 Tristis
981 1415 1211 1468 spectaculi
1239 1418 1413 1455 eventus
1439 1418 1525 1455 no'n

167 1474 471 1515 Macedonibus
504 1474 643 1527 modo,
676 1474 748 1514 sed
780 1475 907 1515 etiam
940 1474 1182 1515 Alexandro
1216 1473 1310 1527 fuit,
1341 1473 1525 1515 maxime

168 1534 267 1586 quia
300 1533 469 1574 barbari
502 1534 743 1574 adfuerant:
777 1534 934 1587 quippe
961 1534 1216 1575 celebratam
1244 1532 1523 1575 Macedonum

167 1592 462 1633 fortitudinem
496 1593 547 1633 ad
580 1593 812 1634 ludibrium
851 1593 1050 1634 recidisse
1084 1592 1349 1646 querebatur.
1412 1591 1526 1634 Hinc

169 1651 219 1692 ad
263 1652 600 1693 criminationem
646 1653 887 1693 invidorum
923 1653 1146 1706 adapertae
1179 1655 1278 1693 sunt
1309 1652 1422 1707 regis
1455 1667 1524 1692 au-

167 1725 244 1751 res.
313 1711 365 1751 Et
404 1715 503 1765 post
542 1726 701 1765 paucos
741 1712 828 1752 dies
869 1712 979 1753 inter
1012 1712 1157 1765 epulas
1189 1726 1363 1752 aureum
1395 1725 1525 1765 pocu-

166 1770 255 1811 lum
291 1785 340 1810 ex
373 1771 597 1824 conposito
632 1771 901 1824 subducitur,
944 1771 1232 1825 ministrique,
1271 1770 1391 1824 quasi
1424 1771 1524 1811 ami-

168 1829 335 1883 sissent,
356 1829 470 1883 quod
490 1833 749 1883 amoverant,
769 1845 911 1885 regern
934 1830 1100 1871 adeunt.
1144 1829 1279 1883 Saepe
1300 1830 1440 1871 minus
1460 1833 1525 1870 est

266 1950 282 1979 1
312 1946 481 1980 condicio
502 1950 537 1979 I:
566 1946 731 1980 conditio
758 1950 797 1980 A.
875 1952 892 1979 2
922 1947 1120 1993 deterrere]
1150 1947 1292 1981 deterre
1313 1949 1352 1978 V.
1429 1949 1448 1980 3
1470 1946 1524 1979 vis

168 1995 329 2038 leemas:
357 1993 418 2027 hic
445 1997 483 2027 A.
617 1998 636 2027 5
663 1995 826 2039 aereum]
855 1994 1003 2028 hereum
1032 1998 1067 2028 P.
1200 1994 1360 2037 clipeum
1386 1997 1418 2026 1:
1448 1993 1523 2037 cly-

167 2052 279 2085 peum
306 2044 344 2075 A.
444 2041 662 2084 hastamque
694 2042 876 2076 Gertzc'us:
911 2042 1057 2076 hastam
1086 2053 1196 2084 quam
1223 2044 1261 2074 A.
1362 2043 1379 2074 7
1409 2040 1521 2086 velut]

169 2088 280 2122 uelud
308 2091 333 2121 B
355 2100 399 2122 m.
415 2101 474 2133 pr.
611 2100 693 2122 cum
720 2088 904 2135 pluribus]
933 2089 1185 2133 compluribus
1212 2092 1248 2123 P.
1378 2092 1398 2121 8
1425 2087 1520 2133 oleo]

168 2135 251 2170 olen
273 2140 298 2168 P
315 2148 355 2169 m.
369 2148 425 2180 pr.
487 2139 528 2169 10
550 2136 644 2181 ipsa]
666 2139 901 2180 01›2.Pm.pr.
967 2141 1004 2169 11
1031 2136 1208 2181 congredi
1229 2139 1260 2169 1:
1289 2135 1461 2169 concredi
1481 2139 1520 2169 A.

171 2188 212 2217 14
241 2183 506 2229 declinatione]
536 2183 794 2227 declynatione
820 2188 855 2217 L.
1007 2187 1047 2217 16
1077 2183 1235 2228 Amisso]
1269 2184 1386 2216 amiso
1413 2186 1448 2216 P.

168 2230 337 2276 Macedo]
366 2231 546 2265 maceddo
572 2235 611 2265 V.
699 2234 739 2264 17
768 2242 848 2264 cum
878 2232 1080 2265 Bentleius:
1109 2241 1218 2274 quem
1244 2234 1283 2264 A.
1367 2233 1409 2264 18
1436 2230 1522 2264 sub-

169 2278 305 2323 ductis]
334 2278 537 2312 subductus
563 2282 602 2313 V.
688 2281 730 2311 23
758 2278 860 2324 quia]
889 2278 952 2322 qui
979 2278 1025 2311 ad
1052 2281 1090 2310 V.
1177 2282 1220 2311 ‘24
1248 2277 1520 2322 fortitudinem]

167 2326 353 2360 fortunem
373 2329 398 2358 P
419 2338 462 2360 m.
480 2338 537 2370 pr.
611 2325 836 2369 querebatur
859 2327 1007 2360 Meiser:
1031 2325 1231 2359 uerebatnr
1250 2328 1289 2359 A.
1360 2329 1403 2359 25
1423 2325 1521 2370 regis

169 2384 274 2407 aures
296 2377 336 2407 P:
365 2384 471 2407 aures
497 2373 594 2417 regis
616 2378 648 2407 c.
725 2376 768 2407 28
790 2373 1017 2418 amoverant]
1046 2374 1302 2406 ammonerant
1327 2375 1366 2406 V.

1547 781 1580 805 10

1546 1075 1578 1101 15

1545 1372 1578 1396 20

1545 1669 1578 1694 25
