1610 2522
336 92 669 128 HISTORIARUM
697 92 979 127 ALEXANDRI
1004 92 1082 135 vn,
1109 96 1139 127 8.
1163 97 1193 127 9.
1358 93 1440 133 241

89 203 305 259 gittarum.
356 202 460 243 Post
493 203 583 256 hos,
616 204 687 257 qui
722 204 935 243 tormenta
962 202 1241 255 intenderent,
1274 202 1445 243 stabant
1472 214 1489 242 3

89 266 131 304 et
175 263 227 303 ab
272 266 453 316 utroque
498 264 628 303 latere
667 265 709 303 et
740 278 764 302 a
795 262 935 302 fronte
977 261 1227 303 circumdati
1259 261 1443 303 armatis,

90 322 279 376 Reliqui,
324 323 397 376 qui
428 325 527 376 post
559 325 771 363 tormenta
805 322 1102 375 constiterant,
1148 321 1353 376 remigem
1384 322 1442 362 10-

89 381 175 423 rica
197 395 282 423 non
314 384 455 422 tutum
491 385 705 422 scutorum
735 381 946 422 testudine
973 381 1124 421 armati
1151 380 1444 436 protegebant.

54 458 68 482 5
89 440 206 481 Idem
239 441 340 481 ordo
374 442 417 481 111
452 441 536 482 11113
566 455 734 495 quoque
761 440 937 493 ratibus,
972 455 1078 494 quae
1105 441 1294 493 equitem
1322 440 1444 482 110110-
1470 452 1490 481 4

36 756 68 780 10

36 1053 68 1077 15

89 501 202 553 bant,
237 502 426 541 servatus
461 503 534 543 est.
597 499 734 541 Maior
767 515 864 553 pars
897 516 919 540 a
954 514 1096 554 puppe
1130 503 1278 540 nantes
1313 514 1443 554 equos

89 560 190 601 loris
223 559 431 602 trahebat.
493 559 552 601 At
584 560 695 613 illos7
740 574 845 614 quos
878 563 992 600 utres
1027 562 1260 600 stramento
1293 560 1443 613 repleti

90 619 310 672 vehebant,
343 619 532 660 obiectae
563 622 676 660 rates
709 619 949 660 tuebantur.
1012 618 1107 674 lpse
1140 634 1212 660 rex
1247 633 1342 660 011111
1377 619 1443 659 de-
1471 630 1490 659 5

88 679 208 720 lectis
253 679 416 732 primus
462 681 595 719 ratem
642 679 769 719 solvit
813 681 854 719 et
898 679 942 719 in
983 679 1115 732 ripam
1151 678 1276 733 dirigi
1309 679 1442 719 iussit.

90 737 167 779 Cui
201 736 384 792 Scythae
423 738 615 779 admotos
655 738 822 779 ordines
855 738 1046 791 equitum
1081 738 1125 779 in
1157 738 1294 791 primo
1327 738 1443 792 ripae

89 798 278 852 margine
312 800 547 852 opponunt,
579 800 627 838 ut
652 812 704 839 ne
732 798 935 852 adplicari
970 797 1141 852 quidem
1169 800 1304 839 terrae
1330 800 1442 839 rates

88 860 271 911 possent.
337 857 531 898 Ceterum
576 860 744 912 praeter
780 857 890 899 hanc
932 857 1117 912 speciem
1149 857 1255 911 ripis
1287 857 1444 912 praesi-
1471 870 1490 898 c

89 916 226 957 dentis
277 918 487 958 exercitus
537 916 687 972 ingens
732 918 980 972 navigantes
1025 919 1162 957 terror
1212 917 1443 958 invaserat:

88 990 270 1030 namque
303 990 472 1017 cursum
505 976 824 1031 gubernatores,
857 991 953 1017 011111
982 976 1156 1030 obliquo
1185 977 1358 1018 flumine
1385 977 1443 1017 111-

88 1038 358 1089 pellerentur,
390 1049 536 1091 regere
567 1049 654 1077 non
686 1039 895 1090 poterant,
928 1037 1260 1089 vacillantesque
1286 1037 1444 1077 milites

89 1098 140 1148 et,
172 1110 224 1136 ne
258 1098 572 1148 excuterentur,
618 1095 791 1137 solliciti
830 1099 1056 1137 nautarum
1090 1095 1328 1136 ministeria
1359 1099 1443 1136 tur-

91 1155 302 1196 baverant.
364 1153 430 1195 Ne
473 1155 557 1196 tela
600 1155 772 1208 quidem
819 1155 958 1196 conati
998 1155 1094 1196 nisu
1126 1155 1295 1197 vibrare
1328 1158 1444 1209 pote·
1472 1166 1489 1196 7

88 1217 194 1268 rant,
228 1229 324 1255 cum
358 1214 474 1267 prior
506 1214 647 1255 standi
679 1215 769 1255 sine
801 1215 991 1269 periculo
1026 1229 1152 1269 quam
1186 1215 1352 1255 hostem
1383 1215 1445 1255 in-

89 1273 277 1314 cessendi
311 1287 410 1314 cura
443 1276 562 1314 esset.
625 1273 856 1315 Tormenta
895 1275 1021 1315 saluti
1053 1275 1243 1328 fuerunt,
1289 1274 1443 1328 quibus

36 1350 49 1374 2
90 1334 133 1373 in
174 1333 388 1374 confertos
427 1348 475 1375 ac
516 1336 672 1374 temere
705 1348 749 1373 se
783 1334 1007 1375 offerentes
1040 1333 1154 1374 haud
1185 1334 1344 1375 frustra
1377 1348 1445 1375 ex-

89 1407 211 1433 cussa
243 1396 344 1434 sunt
375 1394 470 1433 tela.
532 1392 711 1433 Barbari
746 1408 915 1447 quoque
948 1394 1166 1449 ingentem
1198 1394 1285 1435 vim
1317 1394 1444 1449 sagit·
1471 1405 1490 1434 8

88 1455 227 1493 tarum
254 1451 445 1493 infudere
472 1452 648 1505 ratibus,
675 1452 832 1506 vixque
858 1455 992 1494 ullum
1018 1453 1102 1494 fuit
1129 1456 1308 1507 scutum,
1330 1453 1444 1507 quod

88 1525 173 1552 non
206 1511 400 1565 pluribus
434 1512 562 1553 simul
594 1512 770 1566 spiculis
802 1513 1100 1566 perforaretur.
1157 1511 1332 1566 Iamque
1362 1516 1443 1554 ter-
1471 1524 1489 1553 9

90 1585 159 1611 rae
200 1573 312 1612 rat-es
351 1570 692 1625 adplicabantur,
738 1585 833 1612 curn
866 1572 976 1614 acies
1010 1572 1190 1626 clipeata
1224 1573 1444 1628 consurgit

36 1651 48 1671 ·.
90 1633 131 1670 et
161 1629 305 1671 hastas
339 1633 451 1670 certo
486 1630 592 1683 ictu,
630 1633 778 1685 utpote
809 1631 944 1672 libero
978 1631 1092 1684 nisu,
1126 1632 1259 1672 mittit
1293 1647 1314 1672 e
1345 1633 1444 1673 rati-

90 1689 178 1730 bus.
242 1689 299 1730 Et
338 1692 384 1729 ut
425 1690 598 1730 territos
632 1691 966 1745 recipientesque
999 1705 1131 1745 equos
1163 1690 1323 1745 videre,
1363 1693 1444 1732 ala-

90 1763 180 1790 cres
214 1751 360 1789 mutua
392 1749 688 1790 adhortatione
730 1750 774 1791 in
805 1752 961 1791 terram
995 1750 1164 1791 desilire
1197 1754 1231 1792 et
1262 1751 1443 1792 turbatis
1473 1763 1515 1792 10

185 1881 204 1911 2
232 1878 400 1923 armatis]
427 1877 561 1912 armati
587 1882 623 1912 P.
713 1883 731 1912 3
759 1879 823 1922 qui
849 1881 935 1923 post
960 1880 1183 1914 Frobefnius:
1211 1882 1296 1924 post
1322 1880 1387 1923 qui
1406 1884 1443 1922 Ρ,

90 1927 173 1969 post
200 1936 261 1959 eos
287 1925 350 1968 qui
373 1929 403 1960 G.
490 1925 605 1959 lorica
624 1937 698 1960 non
718 1928 842 1960 tutum
861 1928 1007 1971 scripsi:
1036 1927 1188 1961 loricam
1209 1927 1383 1961 indutum
1404 1931 1442 1961 A.

92 1976 108 2005 Τ
137 1972 312 2006 trahebat
338 1977 376 2008 C:
413 1973 614 2007 trahebant
638 1978 674 2007 P.
798 1975 847 2007 At
872 1977 898 2007 B
924 1986 969 2008 m.
998 1986 1078 2008 sec:
1114 1975 1161 2009 ad
1188 1978 1227 2009 A.
1351 1976 1443 2009 stra-

90 2024 215 2054 mento
242 2024 279 2054 C:
316 2022 500 2054 sarmento
527 2025 562 2055 P.
661 2024 682 2054 8
709 2021 877 2056 obiectae
903 2024 1002 2056 rates
1028 2025 1086 2055 PL
1108 2035 1151 2056 m.
1178 2033 1258 2057 seez:
1297 2023 1444 2056 obiecta

91 2070 170 2100 erat
191 2071 223 2101 C,
299 2071 318 2101 9
345 2068 470 2114 iussit]
496 2068 588 2102 iussi
607 2072 646 2102 V.
724 2072 766 2102 10
794 2068 874 2114 Cui]
903 2070 966 2112 qui
986 2073 1022 2103 P.
1098 2070 1274 2115 Scythae]
1301 2070 1443 2104 scithae

90 2118 196 2148 FLV.
274 2119 314 2148 12
344 2115 516 2160 speciem]
548 2115 705 2160 spetiem
731 2120 767 2150 F.
851 2120 894 2151 15
921 2116 1229 2163 vacillantesque]
1256 2117 1442 2152 uacellan-

91 2164 219 2205 tesque
245 2166 280 2196 P.
394 2167 435 2196 16
463 2164 735 2209 excuterentur]
764 2166 1026 2198 excutarentur
1051 2169 1086 2199 P.
1205 2169 1247 2199 20
1275 2165 1443 2211 excussa]

92 2220 224 2243 excusa
250 2213 275 2242 L
300 2222 344 2244 m.
362 2222 420 2254 pr.
440 2214 476 2244 P.
618 2216 661 2245 24
689 2211 851 2256 clipeata
883 2215 908 2244 ’Β
937 2224 979 2245 m.
1009 2223 1090 2246 sec:
1124 2212 1296 2256 clypeata
1331 2216 1370 2246 A.

91 2257 297 2302 consurgit]
330 2269 403 2291 non
429 2258 549 2302 surgit
574 2262 600 2292 B
619 2271 664 2293 m.
682 2270 739 2302 pr.
839 2262 882 2292 25
909 2259 1052 2305 hastas]
1080 2262 1178 2293 astas
1205 2263 1244 2294 V.
1343 2260 1443 2305 nisu]

90 2304 224 2385 {Si-13
290 2309 347 2385 Α27
376 2305 651 2350 adhortatione]
679 2306 912 2340 adortatione
939 2310 978 2340 V.
1059 2307 1206 2341 desilire
1234 2312 1271 2341 et
1296 2309 1442 2351 scripsi:

118 2362 264 2386 0311010
324 2380 329 2386 .

162 2417 299 2442 Crnrms
320 2418 427 2443 Rom-s
449 2419 494 2444 edi
513 2419 696 2444 Hedicke.
734 2419 790 2444 Ed.
811 2420 916 2444 maior.
1183 2417 1224 2446 16
