1610 2522
400 65 730 100 HISTORIAHUM
759 63 1038 98 ALEXANDRI
1068 63 1141 105 1111,
1170 68 1199 96 3.
1418 62 1466 103 51

126 177 245 218 bant:
285 179 375 217 tum
408 177 570 217 levatos
610 189 735 215 onere
775 173 943 227 stipites
977 176 1235 226 truncosque
1275 172 1472 212 arborum

126 236 238 278 haud
282 250 406 291 aegre
458 235 754 287 moliebantur,
806 233 955 274 deinde
1006 235 1144 273 totum
1191 246 1309 286 opuS,
1360 231 1473 286 quod

126 296 345 349 stipitibus
391 295 530 335 fuerat
576 295 784 347 innixum,
835 292 1112 334 fundamento
1166 291 1284 345 lapso
1330 306 1473 344 seque-

127 356 260 396 batur.

214 414 356 469 Aegro
384 414 515 455 animi
542 412 785 454 Alexandro
813 426 902 466 nec,
934 414 1221 465 perseveraret
1247 426 1301 451 an
1327 410 1475 463 abiret,

126 476 228 515 satis
271 477 384 515 certo
428 473 573 514 classis
617 472 756 526 Cypro
798 471 969 512 advenit
1011 471 1242 524 eodemque
1285 473 1475 523 tempore

127 534 332 574 Cleander
370 548 465 574 cum
506 530 676 573 Graecis
715 530 926 572 militibus
966 531 1008 571 in
1047 530 1195 571 Asiam
1234 544 1369 583 nuper
1407 529 1473 569 ad-

126 593 265 634 vectis.
330 604 354 633 (¹
383 595 423 633 et
451 604 508 632 XC
536 592 706 646 navigia
735 590 777 630 in
811 591 893 631 duo
922 590 1072 631 dividit
1099 604 1273 630 cornua:
1307 589 1474 630 laevum

130 652 408 707 Pnytagoras,
459 667 530 692 rex
578 650 851 705 Cypriorum,
903 665 997 691 cum
1043 648 1219 691 Cratero
1264 648 1475 703 tuebatur,

73 732 104 756 10
126 712 415 753 Alexandrum
465 712 510 752 in
555 711 703 751 dextro
749 710 1065 764 quinqueremis
1118 709 1233 764 regia
1283 708 1474 749 vehebat.

56 954 104 989 14

73 1028 103 1053 15

71 1622 103 1646 ⁴25

124 770 215 814 Nec
247 771 383 825 Tyrii,
421 785 677 825 quamquam
717 771 894 811 classem
927 769 1159 822 habebant,
1198 769 1289 809 ausi
1326 768 1475 808 navale
1526 782 1534 792 ⁵

125 831 231 872 inire
258 834 488 872 certamen:
522 831 599 871 tris
628 829 801 871 omnino
829 831 926 869 ante
958 830 1049 882 ipsa
1078 828 1243 869 moenia
1270 842 1474 882 opposue-

126 893 236 944 runt,
270 891 424 944 quibus
457 905 532 931 rex
564 891 757 931 invectus
791 890 882 942 ipse
915 902 982 930 eas
1017 888 1228 929 demersit.

214 950 391 991 Postera
425 949 490 990 die
524 949 656 990 classe
689 948 741 989 ad
774 948 942 989 moenia
968 947 1138 988 admota
1172 947 1358 1001 undique
1391 950 1475 987 tor-

124 1009 278 1051 mentis
317 1012 358 1050 et
390 1010 572 1050 maxime
611 1009 791 1049 arietum
829 1008 955 1061 pulsu
994 1022 1138 1049 muros
1172 1008 1328 1061 quatit:
1368 1021 1475 1060 quos

124 1068 243 1123 Tyrii
289 1070 443 1123 raptim
489 1068 721 1110 obstructis
766 1067 878 1108 saxis
924 1068 1178 1120 refecerunt,
1230 1066 1475 1107 interiorem

126 1143 294 1182 quoque
326 1143 508 1180 murum,
541 1131 599 1183 ut,
638 1128 675 1168 si
706 1128 823 1181 prior
854 1127 1088 1181 fefellisset,
1126 1126 1200 1167 illo
1235 1141 1277 1168 se
1310 1129 1476 1166 tueren-

124 1191 211 1242 tur,
253 1189 417 1229 munire
469 1187 565 1228 orsi.
639 1186 720 1228 Sed
765 1186 952 1240 undique
994 1187 1056 1227 vis
1106 1187 1205 1227 mali
1247 1185 1474 1240 urguebat:

126 1247 235 1288 mole
263 1248 375 1288 intra
401 1247 476 1288 teli
503 1247 661 1287 iactum
689 1249 820 1300 erant,
847 1247 992 1287 classis
1020 1246 1188 1287 moenia
1215 1245 1476 1298 circumibat,

71 1325 85 1349 ι)
125 1308 315 1348 terrestri
354 1306 481 1347 simul
520 1306 744 1360 navalique
784 1305 900 1348 clade
940 1305 1240 1346 obruebantur.
1310 1304 1476 1359 Quippe

124 1367 244 1408 binas
284 1367 570 1421 quadriremes
610 1366 862 1407 Macedones
901 1366 1012 1406 inter
1056 1379 1098 1405 se
1142 1366 1202 1406 ita
1240 1365 1475 1416 iunxerant,

125 1429 171 1466 ut
220 1440 369 1480 prorae
420 1426 706 1479 cohaererent,
757 1439 920 1479 puppes
971 1424 1214 1478 intervallo,
1270 1426 1475 1478 quantum

125 1500 272 1539 capere
311 1488 527 1539 poterant,
566 1485 790 1526 distarent:
834 1485 916 1525 hoc
954 1485 1163 1538 puppium
1202 1483 1475 1524 intervallum

125 1546 333 1586 antemnis
372 1545 669 1598 asseribusque
715 1544 866 1585 validis
910 1544 1107 1599 deligatis
1150 1558 1362 1597 superque
1404 1557 1474 1583 eos

125 1604 326 1658 pontibus
360 1604 521 1658 stratis,
561 1604 633 1658 qui
673 1604 851 1645 militem
886 1603 1161 1655 sustinerent,
1199 1602 1474 1657 inpleverant.

126 1662 195 1704 Sic
240 1665 467 1704 instructas
514 1663 800 1717 quadriremes
846 1663 897 1704 ad
941 1663 1087 1704 urbem
1133 1662 1332 1717 agebant:
1379 1661 1475 1703 inde

126 1722 303 1763 missilia
330 1723 373 1763 in
400 1726 717 1778 propugnantes
745 1723 1048 1778 ingerebantur
1074 1724 1181 1775 tuto,
1210 1723 1309 1775 quia
1335 1722 1474 1775 proris

125 1781 246 1823 miles
273 1782 504 1837 tegebatur.
569 1782 709 1823 Media
735 1796 820 1823 nox
846 1784 948 1836 erat,
978 1796 1074 1823 cum
1102 1783 1277 1823 classem
1306 1783 1378 1833 sic,
1410 1781 1473 1821 uti

222 1904 238 1933 1
269 1900 393 1944 onere]
421 1910 557 1943 ponere
576 1902 615 1932 V.
698 1904 717 1933 5
745 1899 876 1945 animi]
899 1898 1021 1932 animo
1042 1903 1067 1931 P
1087 1910 1199 1943 φημ’.
1280 1898 1362 1942 nec]
1385 1908 1429 1931 ne
1450 1900 1475 1929 B

126 1959 168 1981 m.
184 1959 242 1990 pr.
264 1951 333 1981 ΕΙ..
434 1950 452 1980 6
481 1946 616 1992 Cypro]
644 1946 745 1991 cipro
765 1950 804 1981 V.
904 1946 1124 1991 eodemque]
1146 1957 1216 1990 que
1237 1957 1304 1980 om.
1323 1949 1347 1978 P
1361 1956 1474 1988 mpr.

126 1998 145 2028 8
160 1994 310 2039 navigia
325 1995 518 2029 Heinsius:
541 1994 732 2038 nauigium
746 1998 785 2027 A.
856 1998 874 2028 9
900 1994 1130 2038 Pnytagoras
1147 1993 1315 2028 Moesius:
1342 1992 1476 2036 pytha-

125 2053 233 2085 goras
254 2045 292 2075 A.
392 2041 624 2086 Cypriorum]
647 2042 846 2086 cipriorum
866 2046 901 2075 F.
1003 2045 1045 2075 10
1071 2040 1190 2086 regia]
1210 2041 1291 2085 regi
1311 2044 1336 2073 P
1356 2052 1399 2074 m.
1416 2052 1475 2083 pr.

129 2093 169 2123 12
197 2090 464 2134 opposuerunt]
487 2092 739 2133 apposuerunt
758 2093 797 2124 V.
898 2092 939 2123 13
967 2089 1046 2133 ipse
1074 2100 1134 2123 eas
1154 2089 1299 2132 scripsi:
1326 2087 1426 2132 ipsas
1448 2090 1476 2120 A

126 2137 223 2182 [ipsa
243 2137 298 2182 V]
399 2140 441 2169 18
468 2136 610 2170 munire
638 2137 890 2171 Elim-hardus:
926 2137 1017 2170 undi
1043 2140 1068 2169 P
1094 2136 1258 2179 undique
1286 2140 1318 2169 C.
1417 2147 1475 2168 ur-

126 2185 265 2227 guebat
287 2188 327 2217 P:
359 2184 517 2228 urgebat
541 2188 572 2217 c.
695 2188 735 2218 19
766 2184 863 2218 mole
892 2185 1036 2228 scripsi:
1068 2183 1203 2217 molem
1233 2187 1270 2217 A.
1394 2182 1475 2227 teli]

125 2231 211 2265 terii
236 2235 275 2266 V.
375 2233 481 2265 erant
506 2233 649 2275 scripsi:
678 2233 758 2266 erat
783 2235 822 2265 A.
923 2236 966 2266 22
995 2231 1250 2276 cohaererent]
1278 2230 1477 2264 cohaerent

126 2282 188 2312 FV
217 2291 258 2312 m.
277 2290 335 2322 pr.
460 2283 503 2312 24
531 2280 730 2324 antemnis]
757 2279 928 2313 antennis
951 2283 976 2312 P
999 2292 1040 2312 m.
1057 2291 1114 2322 pr.
1240 2278 1415 2322 deligatis
1443 2281 1474 2310 1:

127 2326 308 2369 delegatis
336 2330 373 2360 A.
474 2330 516 2360 :36
544 2327 759 2371 instructas]
787 2327 970 2361 instructa
997 2329 1032 2360 B.

1217 2390 1235 2418 4

1504 422 1542 451 11

1506 958 1546 987 13

1506 1196 1546 1225 14

1505 1494 1546 1523 15
