1610 2522
85 269 104 297 ⁴.)

64 505 105 536 10

63 803 102 833 11

65 1040 105 1070 12

67 1397 107 1427 13

66 1635 109 1664 14

130 86 214 128 358
635 84 675 126 Q.
703 84 845 119 CURTI
875 84 988 118 num

131 195 346 250 posuisset
378 209 598 249 nuperque
631 193 823 234 conditas
854 192 978 233 urbes
1006 192 1167 233 colonis
1194 193 1398 247 replesset
1423 207 1489 234 res

131 255 314 296 retinere
356 254 638 308 cupientibus.
708 251 905 293 Ceterum
947 251 1194 305 priusquam
1237 254 1490 305 excerneret,

132 329 238 368 quos
272 316 363 354 erat
395 316 650 366 retenturus,
683 312 828 365 edixit,
861 314 908 352 ut
941 326 1086 353 omnes
1113 311 1270 352 milites
1297 325 1366 352 aes
1392 311 1490 352 alie-

130 389 232 414 num
266 375 580 427 profiterentur.
633 370 767 412 Grave
801 370 1015 425 plerisque
1045 384 1134 411 esse
1161 373 1411 426 conpererat
1437 373 1490 424 et,

131 447 390 486 quamquam
433 432 621 487 ipsorum
662 430 765 471 luxu
806 433 1070 471 contractum
1105 432 1212 484 erat,
1258 429 1489 471 dissolvere
1527 445 1542 471 5

132 495 274 533 tamen
317 492 406 545 ipse
449 491 700 532 decreverat.
764 488 831 531 Illi
873 489 1073 544 temptari
1113 490 1229 543 ipsos
1261 489 1361 539 rati,
1405 503 1489 543 quo

131 551 300 592 facilius
334 551 385 592 ab
419 550 598 605 integris
631 552 902 603 sumptuosos
937 549 1205 601 discerneret,
1238 548 1489 602 prolatando

133 610 398 664 aliquantum
432 612 704 651 extraxerant
736 608 952 662 temporis
1004 608 1060 649 Et
1091 623 1163 649 rex
1191 608 1294 649 satis
1321 621 1490 663 gnarus,

132 670 387 724 professioni
430 670 538 710 aeris
579 669 804 724 pudorem,
849 682 935 709 non
968 668 1277 709 contumaciam
1311 667 1491 720 obstare,

131 744 299 770 mensas
340 730 444 770 totis
486 729 636 770 castris
678 727 779 782 poni
824 727 949 768 iussit
990 730 1032 768 et
1070 738 1100 767 x
1133 726 1251 768 milia
1283 726 1490 768 talentum
1512 741 1545 767 ιο

132 789 326 843 proferri.
389 789 497 829 Tum
543 788 712 829 demum
757 800 847 828 cum
892 786 974 827 fide
1017 787 1130 827 facta
1173 786 1382 841 professio
1416 791 1490 827 est.

132 848 223 889 Nec
255 848 437 902 amplius
471 863 522 889 ex
553 850 673 888 tanta
704 846 884 902 pecunia
916 861 1042 900 quam
1076 856 1101 887 C
1135 849 1177 887 et
1209 857 1305 886 XXX
1331 845 1492 887 talenta

133 908 390 962 superfuere.
472 907 589 948 Adeo
635 907 706 949 ille
751 906 981 958 exercitus,
1032 908 1098 946 tot
1139 905 1487 946 divitissimarum

133 968 326 1022 gentium
360 968 506 1021 victor,
538 966 636 1021 plus
670 969 809 1007 tamen
837 965 1040 1006 victoriae
1067 980 1192 1018 quam
1221 964 1397 1019 praedae
1425 963 1491 1005 de-

133 1027 322 1081 portavit
361 1041 411 1068 ex
445 1026 559 1067 Asia.
624 1025 821 1067 Ceterum
861 1028 909 1066 ut
941 1025 1161 1080 cognitum
1195 1027 1258 1065 est
1290 1023 1397 1065 alios
1429 1037 1491 1064 re·
1520 1025 1544 1059 9

133 1087 246 1127 mitti
275 1087 436 1140 domos,
462 1085 568 1127 alios
594 1086 780 1138 retineri,
806 1087 1053 1138 perpetuam
1083 1098 1177 1124 eum
1206 1083 1325 1138 regni
1349 1082 1490 1124 sedem
1512 1097 1544 1123 ιε

133 1147 178 1186 in
199 1144 303 1186 Asia
334 1145 582 1186 habiturum
614 1145 696 1185 rati
729 1144 954 1186 vaecordes
989 1146 1030 1184 et
1062 1143 1311 1197 disciplinae
1338 1143 1491 1183 milita-

133 1206 191 1246 ris
218 1205 474 1247 inmemores
501 1204 715 1246 seditiosis
741 1203 917 1245 vocibus
944 1206 1081 1245 castra
1107 1203 1309 1256 conplent
1331 1216 1490 1257 regem-

135 1279 216 1318 que
249 1265 434 1306 ferocius
468 1279 594 1318 quam
621 1264 725 1305 alias
752 1263 890 1303 adorti
918 1277 1063 1303 omnes
1091 1261 1219 1303 simul
1245 1262 1490 1302 missionem

133 1324 351 1378 postulare
385 1326 615 1378 coeperunt
648 1323 854 1364 deformia
881 1336 953 1364 ora
981 1321 1250 1363 cicatricibus
1277 1320 1493 1361 canitiem-
1513 1336 1546 1360 20

135 1398 216 1438 que
250 1385 437 1438 capitum
471 1385 744 1424 ostentantes.
796 1381 887 1423 Nec
919 1385 991 1423 aut
1023 1380 1335 1435 praefectorum
1369 1379 1492 1421 casti-

135 1443 307 1498 gatione
346 1446 419 1484 aut
460 1442 710 1484 verecundia
742 1442 855 1497 regis
888 1441 1081 1481 deterriti
1114 1439 1379 1481 tumultuoso
1412 1439 1492 1480 cla-

136 1517 252 1543 more
294 1505 335 1543 et
376 1502 551 1543 militari
587 1501 790 1543 violentia
833 1502 1046 1542 volentem
1079 1500 1195 1553 loqui
1229 1498 1492 1551 inhibebant,

135 1562 275 1616 palam
309 1562 491 1616 professi
517 1576 726 1615 nusquam
755 1560 851 1601 inde
877 1560 960 1601 nisi
987 1560 1029 1600 in
1056 1558 1238 1613 patriam
1266 1558 1491 1613 vestigium

135 1635 226 1662 esse
258 1624 461 1662 moturos.
525 1621 712 1662 Tandem
745 1620 914 1661 silentio
950 1619 1061 1660 facto
1094 1619 1243 1673 magis,
1276 1617 1375 1671 quia
1406 1631 1493 1658 mo·
1514 1631 1547 1658 25

135 1683 225 1721 tuin
270 1695 358 1721 esse
401 1680 643 1734 credebant,
686 1694 812 1733 quam
846 1679 944 1733 quia
978 1679 1058 1732 ipsi
1091 1678 1253 1719 moveri
1286 1679 1494 1731 poterant,

235 1827 249 1855 1
288 1821 411 1866 urbes]
446 1821 553 1854 urbes
587 1831 678 1864 quas
714 1824 750 1854 P.
849 1819 1045 1865 replesset]
1080 1818 1280 1863 repulisset
1315 1821 1340 1850 B
1366 1829 1411 1851 m.
1434 1829 1491 1860 pr.

137 1873 155 1903 2
183 1869 342 1903 retinere
367 1869 514 1912 scripsi:
541 1878 720 1902 renouare
748 1871 786 1901 A.
861 1867 1093 1912 priusquam]
1121 1866 1299 1911 priusqua
1323 1869 1359 1898 P.
1434 1874 1493 1898 ex-

137 1919 304 1951 cernere-t
328 1920 382 1949 PF
402 1927 509 1951 corn:
538 1916 745 1949 secerneret
764 1919 786 1948 C
813 1915 1083 1960 [seexcerneret
1102 1918 1127 1947 L
1147 1925 1191 1948 m.
1206 1913 1290 1959 pr]
1366 1917 1386 1945 4
1416 1910 1492 1956 ple-

137 1963 277 2010 risque]
303 1963 470 2008 plerique
497 1967 532 1996 P.
621 1966 641 1997 8
681 1962 787 2008 satis]
815 1974 880 1997 om.
902 1965 930 1994 V
951 1974 996 1996 m.
1012 1974 1070 2007 pr.
1157 1960 1309 2006 gnarus]
1342 1959 1493 2004 ignarus

138 2015 278 2045 BFPV.
356 2015 374 2045 9
404 2010 642 2056 professioni]
671 2009 910 2054 professionis
930 2013 967 2050 P,
993 2008 1238 2053 professioni*
1260 2011 1332 2041 FV.
1409 2017 1492 2041 con-

137 2058 356 2104 tumaciam]
391 2058 634 2093 totumaciam
667 2061 709 2095 P,
749 2057 1042 2091 contumantiam
1075 2060 1111 2090 F.
1208 2058 1249 2089 10
1289 2054 1435 2100 castris]
1468 2057 1494 2087 P

137 2118 203 2141 om.
234 2108 269 2141 in
303 2108 373 2149 fine
405 2107 488 2149 folii
523 2106 627 2139 rerba
659 2116 750 2149 (June
774 2110 945 2139 secuntur
970 2116 1081 2148 usque
1107 2103 1156 2138 ad
1184 2107 1237 2140 10,
1260 2107 1292 2144 5,
1314 2106 1333 2133 8
1361 2112 1428 2136 nec
1455 2112 1494 2136 se

138 2154 238 2198 ipsos
262 2155 414 2195 duobus,
444 2158 482 2188 ut
504 2153 654 2194 videtur,
679 2153 780 2194 foliis·
807 2153 958 2186 mnis-sss.
1045 2155 1085 2185 11
1114 2162 1206 2184 eum
1236 2149 1305 2184 fide
1333 2151 1492 2193 Ieepius:

137 2201 210 2235 fide
237 2205 274 2234 A.
390 2204 430 2235 13
466 2201 584 2246 Adeo]
613 2202 695 2233 ateo
723 2203 758 2232 F.
879 2203 920 2232 16
957 2199 1100 2243 domos]
1141 2198 1269 2231 domus
1309 2201 1334 2230 F
1365 2209 1410 2231 m.
1433 2208 1492 2242 pr.

141 2252 181 2282 17
216 2249 253 2282 in
286 2249 373 2282 Asia
399 2252 432 2281 1:
473 2248 510 2281 in
549 2247 665 2282 asiam
693 2250 731 2280 A.
879 2250 922 2279 *30
962 2245 1137 2280 canitiem
1169 2249 1202 2278 1:
1242 2244 1421 2278 caniciem
1454 2247 1493 2278 Δ.

139 2300 181 2330 21
216 2296 488 2340 praefectorum
515 2299 547 2328 1:
574 2294 824 2339 profectorum
852 2297 891 2327 A.
991 2297 1034 2328 22
1068 2293 1236 2327 deterriti
1265 2293 1404 2327 Laucr:
1433 2291 1494 2325 de-

138 2344 308 2378 territum
336 2346 374 2377 A.
474 2342 721 2387 tumultuoso]
752 2341 981 2376 tumultuosa
1007 2344 1034 2374 F
1056 2353 1097 2374 m.
1115 2352 1172 2384 pr.
1193 2343 1218 2373 L
1239 2351 1283 2374 m.
1300 2351 1358 2384 pr.
