<?xml version="1.0" encoding="UTF-8"?>
<!DOCTYPE html PUBLIC "-//W3C//DTD XHTML 1.0 Transitional//EN"
    "http://www.w3.org/TR/xhtml1/DTD/xhtml1-transitional.dtd">
<html xmlns="http://www.w3.org/1999/xhtml" xml:lang="en" lang="en">
 <head>
  <title>
</title>
<meta http-equiv="Content-Type" content="text/html;charset=utf-8" />
  <meta name='ocr-system' content='tesseract 3.04.00' />
  <meta name='ocr-capabilities' content='ocr_page ocr_carea ocr_par ocr_line ocrx_word'/>
</head>
<body>
  <div class='ocr_page' id='page_1' title='image "./historiaealexand00curtuoft_0115.png"; bbox 0 0 1610 2522; ppageno 0'>
   <div class='ocr_carea' id='block_1_1' title="bbox 46 760 78 784">
    <p class='ocr_par' dir='ltr' id='par_1_1' title="bbox 46 760 78 784">
     <span class='ocr_line' id='line_1_1' title="bbox 46 760 78 784; baseline 0 0"><span class='ocrx_word' id='word_1_1' title='bbox 46 760 78 784; x_wconf 86' lang='lat'>10</span> 
     </span>
    </p>
   </div>
   <div class='ocr_carea' id='block_1_2' title="bbox 42 1057 72 1081">
    <p class='ocr_par' dir='ltr' id='par_1_2' title="bbox 42 1057 72 1081">
     <span class='ocr_line' id='line_1_2' title="bbox 42 1057 72 1081; baseline 0 0"><span class='ocrx_word' id='word_1_2' title='bbox 42 1057 72 1081; x_wconf 79' lang='lat'>15</span> 
     </span>
    </p>
   </div>
   <div class='ocr_carea' id='block_1_3' title="bbox 316 98 1445 141">
    <p class='ocr_par' dir='ltr' id='par_1_3' title="bbox 316 98 1445 141">
     <span class='ocr_line' id='line_1_3' title="bbox 316 98 1445 141; baseline 0.002 -8"><span class='ocrx_word' id='word_1_3' title='bbox 316 98 648 133; x_wconf 68' lang='lat' dir='ltr'>HISTQRJARUM</span> <span class='ocrx_word' id='word_1_4' title='bbox 676 98 958 133; x_wconf 78' lang='lat' dir='ltr'>ALEXANDRI</span> <span class='ocrx_word' id='word_1_5' title='bbox 985 99 1060 141; x_wconf 79' lang='lat'>1111,</span> <span class='ocrx_word' id='word_1_6' title='bbox 1091 105 1142 132; x_wconf 73' lang='lat'>15.</span> <span class='ocrx_word' id='word_1_7' title='bbox 1170 104 1220 132; x_wconf 63' lang='lat'>1⁸5.</span> <span class='ocrx_word' id='word_1_8' title='bbox 1368 100 1445 140; x_wconf 78' lang='grc'>101</span> 
     </span>
    </p>
   </div>
   <div class='ocr_carea' id='block_1_4' title="bbox 96 207 1502 262">
    <p class='ocr_par' dir='ltr' id='par_1_4' title="bbox 96 207 1502 262">
     <span class='ocr_line' id='line_1_4' title="bbox 96 207 1502 262; baseline 0.001 -13"><span class='ocrx_word' id='word_1_9' title='bbox 96 210 193 250; x_wconf 84' lang='lat' dir='ltr'>alas.</span> <span class='ocrx_word' id='word_1_10' title='bbox 256 207 430 262; x_wconf 84' lang='lat' dir='ltr'>Iamque</span> <span class='ocrx_word' id='word_1_11' title='bbox 463 209 683 249; x_wconf 86' lang='lat' dir='ltr'>abundans</span> <span class='ocrx_word' id='word_1_12' title='bbox 717 207 991 249; x_wconf 88' lang='lat' dir='ltr'>multitudine</span> <span class='ocrx_word' id='word_1_13' title='bbox 1026 209 1157 249; x_wconf 90' lang='lat' dir='ltr'>aciem</span> <span class='ocrx_word' id='word_1_14' title='bbox 1193 209 1455 250; x_wconf 78' lang='lat' dir='ltr'>circumvehi</span> <span class='ocrx_word' id='word_1_15' title='bbox 1483 221 1502 250; x_wconf 78' lang='lat'>2</span> 
     </span>
    </p>
   </div>
   <div class='ocr_carea' id='block_1_5' title="bbox 91 267 1458 1334">
    <p class='ocr_par' dir='ltr' id='par_1_5' title="bbox 91 267 1458 1334">
     <span class='ocr_line' id='line_1_5' title="bbox 96 267 1454 322; baseline -0.001 -13"><span class='ocrx_word' id='word_1_16' title='bbox 96 272 303 322; x_wconf 76' lang='lat' dir='ltr'>coeperat,</span> <span class='ocrx_word' id='word_1_17' title='bbox 332 282 426 309; x_wconf 80' lang='lat' dir='ltr'>cuni</span> <span class='ocrx_word' id='word_1_18' title='bbox 455 268 679 309; x_wconf 81' lang='lat' dir='ltr'>Parmenio</span> <span class='ocrx_word' id='word_1_19' title='bbox 707 268 873 321; x_wconf 81' lang='lat' dir='ltr'>equites</span> <span class='ocrx_word' id='word_1_20' title='bbox 901 268 1097 308; x_wconf 88' lang='lat' dir='ltr'>nuntiare</span> <span class='ocrx_word' id='word_1_21' title='bbox 1125 268 1244 309; x_wconf 87' lang='lat' dir='ltr'>iubet</span> <span class='ocrx_word' id='word_1_22' title='bbox 1270 267 1454 309; x_wconf 78' lang='lat' dir='ltr'>Alexan-</span> 
     </span>
     <span class='ocr_line' id='line_1_6' title="bbox 97 327 1458 381; baseline 0 -14"><span class='ocrx_word' id='word_1_23' title='bbox 97 328 186 380; x_wconf 87' lang='lat' dir='ltr'>dro,</span> <span class='ocrx_word' id='word_1_24' title='bbox 227 328 271 368; x_wconf 91' lang='lat' dir='ltr'>in</span> <span class='ocrx_word' id='word_1_25' title='bbox 313 342 397 381; x_wconf 93' lang='lat' dir='ltr'>quo</span> <span class='ocrx_word' id='word_1_26' title='bbox 441 327 685 368; x_wconf 78' lang='lat' dir='ltr'>discrimine</span> <span class='ocrx_word' id='word_1_27' title='bbox 735 327 814 381; x_wconf 90' lang='lat' dir='ltr'>ipsi</span> <span class='ocrx_word' id='word_1_28' title='bbox 860 330 1018 368; x_wconf 87' lang='lat' dir='ltr'>essent:</span> <span class='ocrx_word' id='word_1_29' title='bbox 1066 328 1110 368; x_wconf 88' lang='lat' dir='ltr'>ni</span> <span class='ocrx_word' id='word_1_30' title='bbox 1153 330 1316 369; x_wconf 88' lang='lat' dir='ltr'>mature</span> <span class='ocrx_word' id='word_1_31' title='bbox 1363 327 1458 368; x_wconf 87' lang='lat' dir='ltr'>sub-</span> 
     </span>
     <span class='ocr_line' id='line_1_7' title="bbox 98 385 1456 442; baseline 0.001 -16"><span class='ocrx_word' id='word_1_32' title='bbox 98 387 328 440; x_wconf 76' lang='lat' dir='ltr'>veniretur,</span> <span class='ocrx_word' id='word_1_33' title='bbox 367 402 453 428; x_wconf 92' lang='lat' dir='ltr'>non</span> <span class='ocrx_word' id='word_1_34' title='bbox 492 402 617 441; x_wconf 85' lang='lat' dir='ltr'>posse</span> <span class='ocrx_word' id='word_1_35' title='bbox 656 387 748 428; x_wconf 90' lang='lat' dir='ltr'>sisti</span> <span class='ocrx_word' id='word_1_36' title='bbox 788 388 945 442; x_wconf 84' lang='lat' dir='ltr'>fugam.</span> <span class='ocrx_word' id='word_1_37' title='bbox 1009 385 1097 427; x_wconf 85' lang='lat' dir='ltr'>Iam</span> <span class='ocrx_word' id='word_1_38' title='bbox 1139 388 1323 428; x_wconf 89' lang='lat' dir='ltr'>multum</span> <span class='ocrx_word' id='word_1_39' title='bbox 1364 388 1456 428; x_wconf 82' lang='lat' dir='ltr'>viae</span> 
     </span>
     <span class='ocr_line' id='line_1_8' title="bbox 97 446 1457 502; baseline 0.001 -16"><span class='ocrx_word' id='word_1_40' title='bbox 97 450 370 501; x_wconf 75' lang='lat' dir='ltr'>praeceperat</span> <span class='ocrx_word' id='word_1_41' title='bbox 413 462 488 487; x_wconf 75' lang='lat' dir='ltr'>rex</span> <span class='ocrx_word' id='word_1_42' title='bbox 531 446 741 487; x_wconf 73' lang='lat' dir='ltr'>inminens</span> <span class='ocrx_word' id='word_1_43' title='bbox 787 446 1046 501; x_wconf 74' lang='lat' dir='ltr'>fugientium</span> <span class='ocrx_word' id='word_1_44' title='bbox 1092 447 1242 502; x_wconf 77' lang='lat' dir='ltr'>tergis,</span> <span class='ocrx_word' id='word_1_45' title='bbox 1292 462 1387 488; x_wconf 90' lang='lat' dir='ltr'>cum</span> <span class='ocrx_word' id='word_1_46' title='bbox 1435 462 1457 487; x_wconf 90' lang='lat' dir='ltr'>a</span> 
     </span>
     <span class='ocr_line' id='line_1_9' title="bbox 97 505 1457 560; baseline 0.001 -14"><span class='ocrx_word' id='word_1_47' title='bbox 97 505 377 547; x_wconf 84' lang='lat' dir='ltr'>Parmenione</span> <span class='ocrx_word' id='word_1_48' title='bbox 428 507 562 547; x_wconf 89' lang='lat' dir='ltr'>tristis</span> <span class='ocrx_word' id='word_1_49' title='bbox 607 506 782 547; x_wconf 89' lang='lat' dir='ltr'>nuntius</span> <span class='ocrx_word' id='word_1_50' title='bbox 833 506 962 546; x_wconf 77' lang='lat' dir='ltr'>Venit.</span> <span class='ocrx_word' id='word_1_51' title='bbox 1044 505 1274 547; x_wconf 78' lang='lat' dir='ltr'>Refrenare</span> <span class='ocrx_word' id='word_1_52' title='bbox 1326 521 1457 560; x_wconf 87' lang='lat' dir='ltr'>equos</span> 
     </span>
     <span class='ocr_line' id='line_1_10' title="bbox 99 565 1458 620; baseline 0.001 -15"><span class='ocrx_word' id='word_1_53' title='bbox 99 566 214 618; x_wconf 73' lang='lat' dir='ltr'>iussi,</span> <span class='ocrx_word' id='word_1_54' title='bbox 260 566 333 618; x_wconf 89' lang='lat' dir='ltr'>qui</span> <span class='ocrx_word' id='word_1_55' title='bbox 380 565 661 618; x_wconf 81' lang='lat' dir='ltr'>vehebantur,</span> <span class='ocrx_word' id='word_1_56' title='bbox 712 579 951 620; x_wconf 83' lang='lat' dir='ltr'>agmenque</span> <span class='ocrx_word' id='word_1_57' title='bbox 1001 566 1194 606; x_wconf 87' lang='lat' dir='ltr'>constitit</span> <span class='ocrx_word' id='word_1_58' title='bbox 1237 566 1458 607; x_wconf 78' lang='lat' dir='ltr'>frendente</span> 
     </span>
     <span class='ocr_line' id='line_1_11' title="bbox 97 623 1457 679; baseline 0.001 -15"><span class='ocrx_word' id='word_1_59' title='bbox 97 623 358 678; x_wconf 72' lang='lat' dir='ltr'>Alexandro,</span> <span class='ocrx_word' id='word_1_60' title='bbox 392 625 498 679; x_wconf 89' lang='lat' dir='ltr'>eripi</span> <span class='ocrx_word' id='word_1_61' title='bbox 533 625 614 666; x_wconf 84' lang='lat' dir='ltr'>sibi</span> <span class='ocrx_word' id='word_1_62' title='bbox 646 625 868 667; x_wconf 79' lang='lat' dir='ltr'>victoriam</span> <span class='ocrx_word' id='word_1_63' title='bbox 909 640 930 666; x_wconf 91' lang='lat' dir='ltr'>e</span> <span class='ocrx_word' id='word_1_64' title='bbox 964 624 1162 666; x_wconf 85' lang='lat' dir='ltr'>manibus</span> <span class='ocrx_word' id='word_1_65' title='bbox 1199 628 1239 666; x_wconf 86' lang='lat' dir='ltr'>et</span> <span class='ocrx_word' id='word_1_66' title='bbox 1272 625 1457 666; x_wconf 79' lang='lat' dir='ltr'>Dareum</span> 
     </span>
     <span class='ocr_line' id='line_1_12' title="bbox 99 684 1457 739; baseline 0.001 -15"><span class='ocrx_word' id='word_1_67' title='bbox 99 684 265 725; x_wconf 81' lang='lat' dir='ltr'>felicius</span> <span class='ocrx_word' id='word_1_68' title='bbox 305 685 452 739; x_wconf 86' lang='lat' dir='ltr'>fugere</span> <span class='ocrx_word' id='word_1_69' title='bbox 493 700 617 738; x_wconf 85' lang='lat' dir='ltr'>quam</span> <span class='ocrx_word' id='word_1_70' title='bbox 660 699 702 725; x_wconf 92' lang='lat' dir='ltr'>se</span> <span class='ocrx_word' id='word_1_71' title='bbox 742 685 874 738; x_wconf 88' lang='lat' dir='ltr'>sequi.</span> <span class='ocrx_word' id='word_1_72' title='bbox 936 684 1112 725; x_wconf 87' lang='lat' dir='ltr'>Interim</span> <span class='ocrx_word' id='word_1_73' title='bbox 1155 685 1207 725; x_wconf 89' lang='lat' dir='ltr'>ad</span> <span class='ocrx_word' id='word_1_74' title='bbox 1239 684 1457 726; x_wconf 80' lang='lat' dir='ltr'>Mazaeum</span> 
     </span>
     <span class='ocr_line' id='line_1_13' title="bbox 101 744 1457 799; baseline 0.001 -16"><span class='ocrx_word' id='word_1_75' title='bbox 101 744 289 797; x_wconf 89' lang='lat' dir='ltr'>superati</span> <span class='ocrx_word' id='word_1_76' title='bbox 339 745 452 798; x_wconf 82' lang='lat' dir='ltr'>regis</span> <span class='ocrx_word' id='word_1_77' title='bbox 502 744 615 784; x_wconf 85' lang='lat' dir='ltr'>fama</span> <span class='ocrx_word' id='word_1_78' title='bbox 666 747 933 798; x_wconf 78' lang='lat' dir='ltr'>pervenerat:</span> <span class='ocrx_word' id='word_1_79' title='bbox 986 745 1146 799; x_wconf 75' lang='lat' dir='ltr'>itaque,</span> <span class='ocrx_word' id='word_1_80' title='bbox 1198 759 1457 798; x_wconf 87' lang='lat' dir='ltr'>quamquam</span> 
     </span>
     <span class='ocr_line' id='line_1_14' title="bbox 100 803 1457 858; baseline 0.001 -15"><span class='ocrx_word' id='word_1_81' title='bbox 100 803 281 843; x_wconf 79' lang='lat' dir='ltr'>validior</span> <span class='ocrx_word' id='word_1_82' title='bbox 314 806 415 857; x_wconf 71' lang='lat' dir='ltr'>erat,</span> <span class='ocrx_word' id='word_1_83' title='bbox 447 807 590 844; x_wconf 88' lang='lat' dir='ltr'>tamen</span> <span class='ocrx_word' id='word_1_84' title='bbox 622 803 794 844; x_wconf 87' lang='lat' dir='ltr'>fortuna</span> <span class='ocrx_word' id='word_1_85' title='bbox 823 804 1010 857; x_wconf 87' lang='lat' dir='ltr'>partium</span> <span class='ocrx_word' id='word_1_86' title='bbox 1044 804 1216 844; x_wconf 85' lang='lat' dir='ltr'>territus</span> <span class='ocrx_word' id='word_1_87' title='bbox 1250 805 1457 858; x_wconf 80' lang='lat' dir='ltr'>perculsis</span> 
     </span>
     <span class='ocr_line' id='line_1_15' title="bbox 96 862 1457 918; baseline 0.001 -16"><span class='ocrx_word' id='word_1_88' title='bbox 96 862 342 917; x_wconf 81' lang='lat' dir='ltr'>languidius</span> <span class='ocrx_word' id='word_1_89' title='bbox 377 863 574 904; x_wconf 85' lang='lat' dir='ltr'>instabat.</span> <span class='ocrx_word' id='word_1_90' title='bbox 636 862 863 904; x_wconf 86' lang='lat' dir='ltr'>Parmenio</span> <span class='ocrx_word' id='word_1_91' title='bbox 898 863 1123 918; x_wconf 83' lang='lat' dir='ltr'>ignorabat</span> <span class='ocrx_word' id='word_1_92' title='bbox 1157 863 1329 917; x_wconf 87' lang='lat' dir='ltr'>quidem</span> <span class='ocrx_word' id='word_1_93' title='bbox 1363 878 1457 904; x_wconf 84' lang='lat' dir='ltr'>cau-</span> 
     </span>
     <span class='ocr_line' id='line_1_16' title="bbox 94 923 1455 977; baseline 0.001 -16"><span class='ocrx_word' id='word_1_94' title='bbox 94 936 183 962; x_wconf 85' lang='lat' dir='ltr'>sam</span> <span class='ocrx_word' id='word_1_95' title='bbox 224 936 298 962; x_wconf 86' lang='lat' dir='ltr'>sua</span> <span class='ocrx_word' id='word_1_96' title='bbox 339 925 490 976; x_wconf 86' lang='lat' dir='ltr'>sponte</span> <span class='ocrx_word' id='word_1_97' title='bbox 528 937 699 977; x_wconf 83' lang='lat' dir='ltr'>pugnae</span> <span class='ocrx_word' id='word_1_98' title='bbox 740 923 952 975; x_wconf 70' lang='lat' dir='ltr'>remissae,</span> <span class='ocrx_word' id='word_1_99' title='bbox 995 923 1066 963; x_wconf 88' lang='lat' dir='ltr'>sed</span> <span class='ocrx_word' id='word_1_100' title='bbox 1107 923 1327 964; x_wconf 75' lang='lat' dir='ltr'>occasione</span> <span class='ocrx_word' id='word_1_101' title='bbox 1366 924 1455 963; x_wconf 79' lang='lat' dir='ltr'>vin-</span> 
     </span>
     <span class='ocr_line' id='line_1_17' title="bbox 95 980 1455 1035; baseline 0.001 -14"><span class='ocrx_word' id='word_1_102' title='bbox 95 980 215 1022; x_wconf 89' lang='lat' dir='ltr'>cendi</span> <span class='ocrx_word' id='word_1_103' title='bbox 243 985 413 1022; x_wconf 89' lang='lat' dir='ltr'>strenue</span> <span class='ocrx_word' id='word_1_104' title='bbox 440 985 504 1023; x_wconf 90' lang='lat' dir='ltr'>est</span> <span class='ocrx_word' id='word_1_105' title='bbox 531 996 645 1023; x_wconf 87' lang='lat' dir='ltr'>usus.</span> <span class='ocrx_word' id='word_1_106' title='bbox 709 981 936 1023; x_wconf 83' lang='lat' dir='ltr'>Thessalos</span> <span class='ocrx_word' id='word_1_107' title='bbox 964 982 1128 1035; x_wconf 88' lang='lat' dir='ltr'>equites</span> <span class='ocrx_word' id='word_1_108' title='bbox 1156 983 1209 1023; x_wconf 92' lang='lat' dir='ltr'>ad</span> <span class='ocrx_word' id='word_1_109' title='bbox 1242 997 1284 1023; x_wconf 91' lang='lat' dir='ltr'>se</span> <span class='ocrx_word' id='word_1_110' title='bbox 1311 982 1455 1024; x_wconf 83' lang='lat' dir='ltr'>vocari</span> 
     </span>
     <span class='ocr_line' id='line_1_18' title="bbox 94 1040 1452 1095; baseline 0.001 -15"><span class='ocrx_word' id='word_1_111' title='bbox 94 1040 232 1081; x_wconf 90' lang='lat' dir='ltr'>iubet:</span> <span class='ocrx_word' id='word_1_112' title='bbox 280 1040 462 1094; x_wconf 78' lang='lat' dir='ltr'>‘Ecquid</span> <span class='ocrx_word' id='word_1_113' title='bbox 508 1041 690 1095; x_wconf 66' lang='lat' dir='ltr'>videtis’7</span> <span class='ocrx_word' id='word_1_114' title='bbox 735 1042 897 1095; x_wconf 66' lang='lat' dir='ltr'>inquit,</span> <span class='ocrx_word' id='word_1_115' title='bbox 942 1042 1082 1095; x_wconf 77' lang='lat' dir='ltr'>‘istos‚</span> <span class='ocrx_word' id='word_1_116' title='bbox 1134 1043 1207 1095; x_wconf 90' lang='lat' dir='ltr'>qui</span> <span class='ocrx_word' id='word_1_117' title='bbox 1251 1042 1452 1084; x_wconf 86' lang='lat' dir='ltr'>ferociter</span> 
     </span>
     <span class='ocr_line' id='line_1_19' title="bbox 93 1099 1454 1156; baseline 0.002 -17"><span class='ocrx_word' id='word_1_118' title='bbox 93 1099 219 1141; x_wconf 91' lang='lat' dir='ltr'>modo</span> <span class='ocrx_word' id='word_1_119' title='bbox 253 1100 482 1152; x_wconf 69' lang='lat' dir='ltr'>instabant.</span> <span class='ocrx_word' id='word_1_120' title='bbox 514 1101 664 1154; x_wconf 91' lang='lat' dir='ltr'>pedem</span> <span class='ocrx_word' id='word_1_121' title='bbox 698 1102 855 1143; x_wconf 88' lang='lat' dir='ltr'>referre</span> <span class='ocrx_word' id='word_1_122' title='bbox 888 1100 1031 1142; x_wconf 88' lang='lat' dir='ltr'>subito</span> <span class='ocrx_word' id='word_1_123' title='bbox 1065 1116 1224 1155; x_wconf 86' lang='lat' dir='ltr'>pavore</span> <span class='ocrx_word' id='word_1_124' title='bbox 1256 1103 1454 1156; x_wconf 88' lang='lat' dir='ltr'>perterri-</span> 
     </span>
     <span class='ocr_line' id='line_1_20' title="bbox 92 1158 1452 1216; baseline 0.001 -17"><span class='ocrx_word' id='word_1_125' title='bbox 92 1159 186 1200; x_wconf 84' lang='lat' dir='ltr'>tos‘?</span> <span class='ocrx_word' id='word_1_126' title='bbox 218 1158 435 1200; x_wconf 83' lang='lat' dir='ltr'>Nimirum</span> <span class='ocrx_word' id='word_1_127' title='bbox 468 1160 593 1201; x_wconf 86' lang='lat' dir='ltr'>nobis</span> <span class='ocrx_word' id='word_1_128' title='bbox 622 1175 796 1214; x_wconf 90' lang='lat' dir='ltr'>quoque</span> <span class='ocrx_word' id='word_1_129' title='bbox 828 1162 941 1216; x_wconf 89' lang='lat' dir='ltr'>regis</span> <span class='ocrx_word' id='word_1_130' title='bbox 969 1162 1105 1202; x_wconf 88' lang='lat' dir='ltr'>nostri</span> <span class='ocrx_word' id='word_1_131' title='bbox 1132 1162 1305 1202; x_wconf 85' lang='lat' dir='ltr'>fortuna</span> <span class='ocrx_word' id='word_1_132' title='bbox 1338 1162 1452 1202; x_wconf 76' lang='lat' dir='ltr'>vicit.</span> 
     </span>
     <span class='ocr_line' id='line_1_21' title="bbox 93 1217 1453 1269; baseline 0.002 -11"><span class='ocrx_word' id='word_1_133' title='bbox 93 1217 246 1259; x_wconf 87' lang='lat' dir='ltr'>Omnia</span> <span class='ocrx_word' id='word_1_134' title='bbox 272 1218 496 1260; x_wconf 78' lang='lat' dir='ltr'>Persarum</span> <span class='ocrx_word' id='word_1_135' title='bbox 530 1220 655 1261; x_wconf 85' lang='lat' dir='ltr'>caede</span> <span class='ocrx_word' id='word_1_136' title='bbox 683 1223 816 1261; x_wconf 88' lang='lat' dir='ltr'>strata</span> <span class='ocrx_word' id='word_1_137' title='bbox 850 1223 959 1261; x_wconf 90' lang='lat' dir='ltr'>sunt.</span> <span class='ocrx_word' id='word_1_138' title='bbox 1024 1219 1133 1269; x_wconf 87' lang='lat' dir='ltr'>Quid</span> <span class='ocrx_word' id='word_1_139' title='bbox 1162 1221 1366 1262; x_wconf 75' lang='lat' dir='ltr'>cessatis?</span> <span class='ocrx_word' id='word_1_140' title='bbox 1400 1236 1453 1261; x_wconf 87' lang='lat' dir='ltr'>an</span> 
     </span>
     <span class='ocr_line' id='line_1_22' title="bbox 91 1278 1454 1334; baseline 0.002 -16"><span class='ocrx_word' id='word_1_141' title='bbox 91 1292 143 1318; x_wconf 92' lang='lat' dir='ltr'>ne</span> <span class='ocrx_word' id='word_1_142' title='bbox 169 1278 435 1333; x_wconf 86' lang='lat' dir='ltr'>fugientibus</span> <span class='ocrx_word' id='word_1_143' title='bbox 463 1279 634 1333; x_wconf 87' lang='lat' dir='ltr'>quidem</span> <span class='ocrx_word' id='word_1_144' title='bbox 668 1295 791 1334; x_wconf 88' lang='lat' dir='ltr'>pares</span> <span class='ocrx_word' id='word_1_145' title='bbox 818 1280 967 1321; x_wconf 77' lang='lat' dir='ltr'>estis&#39;?</span> <span class='ocrx_word' id='word_1_146' title='bbox 1030 1279 1143 1321; x_wconf 87' lang='lat' dir='ltr'>Vera</span> <span class='ocrx_word' id='word_1_147' title='bbox 1171 1281 1309 1321; x_wconf 89' lang='lat' dir='ltr'>dicere</span> <span class='ocrx_word' id='word_1_148' title='bbox 1340 1280 1454 1321; x_wconf 81' lang='lat' dir='ltr'>vide-</span> 
     </span>
    </p>
   </div>
   <div class='ocr_carea' id='block_1_6' title="bbox 38 1337 1451 1393">
    <p class='ocr_par' dir='ltr' id='par_1_6' title="bbox 38 1337 1451 1393">
     <span class='ocr_line' id='line_1_23' title="bbox 38 1337 1451 1393; baseline 0.002 -16"><span class='ocrx_word' id='word_1_149' title='bbox 38 1355 51 1378; x_wconf 80' lang='lat'>·.›</span> <span class='ocrx_word' id='word_1_150' title='bbox 92 1337 234 1390; x_wconf 66' lang='lat' dir='ltr'>batur,</span> <span class='ocrx_word' id='word_1_151' title='bbox 278 1341 319 1378; x_wconf 92' lang='lat' dir='ltr'>et</span> <span class='ocrx_word' id='word_1_152' title='bbox 365 1353 458 1392; x_wconf 81' lang='lat' dir='ltr'>spes</span> <span class='ocrx_word' id='word_1_153' title='bbox 503 1338 746 1393; x_wconf 85' lang='lat' dir='ltr'>languentis</span> <span class='ocrx_word' id='word_1_154' title='bbox 793 1354 962 1393; x_wconf 90' lang='lat' dir='ltr'>quoque</span> <span class='ocrx_word' id='word_1_155' title='bbox 1009 1343 1215 1381; x_wconf 86' lang='lat' dir='ltr'>erexerat:</span> <span class='ocrx_word' id='word_1_156' title='bbox 1267 1340 1451 1381; x_wconf 86' lang='lat' dir='ltr'>subditis</span> 
     </span>
    </p>
   </div>
   <div class='ocr_carea' id='block_1_7' title="bbox 90 1397 1452 1633">
    <p class='ocr_par' dir='ltr' id='par_1_7' title="bbox 90 1397 1452 1633">
     <span class='ocr_line' id='line_1_24' title="bbox 91 1397 1452 1452; baseline 0.001 -15"><span class='ocrx_word' id='word_1_157' title='bbox 91 1397 329 1438; x_wconf 87' lang='lat' dir='ltr'>calcaribus</span> <span class='ocrx_word' id='word_1_158' title='bbox 355 1413 590 1452; x_wconf 82' lang='lat' dir='ltr'>prorupere</span> <span class='ocrx_word' id='word_1_159' title='bbox 623 1400 666 1439; x_wconf 91' lang='lat' dir='ltr'>in</span> <span class='ocrx_word' id='word_1_160' title='bbox 692 1399 873 1440; x_wconf 88' lang='lat' dir='ltr'>hostem.</span> <span class='ocrx_word' id='word_1_161' title='bbox 936 1398 994 1440; x_wconf 88' lang='lat' dir='ltr'>Et</span> <span class='ocrx_word' id='word_1_162' title='bbox 1026 1399 1090 1440; x_wconf 89' lang='grc'><strong>1111</strong></span> <span class='ocrx_word' id='word_1_163' title='bbox 1124 1399 1208 1440; x_wconf 85' lang='lat' dir='ltr'>iam</span> <span class='ocrx_word' id='word_1_164' title='bbox 1241 1414 1328 1441; x_wconf 90' lang='lat' dir='ltr'>non</span> <span class='ocrx_word' id='word_1_165' title='bbox 1362 1414 1452 1440; x_wconf 88' lang='lat' dir='ltr'>sen-</span> 
     </span>
     <span class='ocr_line' id='line_1_25' title="bbox 91 1457 1451 1514; baseline 0.002 -18"><span class='ocrx_word' id='word_1_166' title='bbox 91 1457 183 1509; x_wconf 76' lang='lat' dir='ltr'>sim,</span> <span class='ocrx_word' id='word_1_167' title='bbox 216 1457 288 1497; x_wconf 90' lang='lat' dir='ltr'>sed</span> <span class='ocrx_word' id='word_1_168' title='bbox 321 1457 450 1498; x_wconf 88' lang='lat' dir='ltr'>citato</span> <span class='ocrx_word' id='word_1_169' title='bbox 485 1458 618 1512; x_wconf 88' lang='lat' dir='ltr'>gradu</span> <span class='ocrx_word' id='word_1_170' title='bbox 644 1458 911 1512; x_wconf 69' lang='lat' dir='ltr'>recedebant,</span> <span class='ocrx_word' id='word_1_171' title='bbox 943 1474 1022 1500; x_wconf 90' lang='lat' dir='ltr'>nec</span> <span class='ocrx_word' id='word_1_172' title='bbox 1049 1460 1278 1513; x_wconf 88' lang='lat' dir='ltr'>quicquam</span> <span class='ocrx_word' id='word_1_173' title='bbox 1311 1459 1451 1514; x_wconf 78' lang='lat' dir='ltr'>fugae,</span> 
     </span>
     <span class='ocr_line' id='line_1_26' title="bbox 90 1515 1449 1572; baseline 0.004 -18"><span class='ocrx_word' id='word_1_174' title='bbox 90 1515 172 1555; x_wconf 87' lang='grc'><strong>11131</strong></span> <span class='ocrx_word' id='word_1_175' title='bbox 213 1516 326 1568; x_wconf 89' lang='lat' dir='ltr'>quod</span> <span class='ocrx_word' id='word_1_176' title='bbox 359 1517 548 1557; x_wconf 89' lang='lat' dir='ltr'>nondum</span> <span class='ocrx_word' id='word_1_177' title='bbox 588 1520 707 1571; x_wconf 84' lang='lat' dir='ltr'>terga</span> <span class='ocrx_word' id='word_1_178' title='bbox 742 1521 966 1572; x_wconf 76' lang='lat' dir='ltr'>verterant,</span> <span class='ocrx_word' id='word_1_179' title='bbox 1007 1518 1159 1559; x_wconf 89' lang='lat' dir='ltr'>deerat.</span> <span class='ocrx_word' id='word_1_180' title='bbox 1223 1518 1449 1559; x_wconf 85' lang='lat' dir='ltr'>Parmenio</span> 
     </span>
     <span class='ocr_line' id='line_1_27' title="bbox 91 1575 1451 1633; baseline 0.003 -19"><span class='ocrx_word' id='word_1_181' title='bbox 91 1577 234 1615; x_wconf 86' lang='lat' dir='ltr'>tamen</span> <span class='ocrx_word' id='word_1_182' title='bbox 261 1575 449 1630; x_wconf 68' lang='lat' dir='ltr'>ignarus7</span> <span class='ocrx_word' id='word_1_183' title='bbox 482 1590 686 1629; x_wconf 86' lang='lat' dir='ltr'>quaenam</span> <span class='ocrx_word' id='word_1_184' title='bbox 725 1578 767 1618; x_wconf 90' lang='lat' dir='ltr'>in</span> <span class='ocrx_word' id='word_1_185' title='bbox 796 1578 944 1618; x_wconf 76' lang='lat' dir='ltr'>dextro</span> <span class='ocrx_word' id='word_1_186' title='bbox 974 1592 1105 1619; x_wconf 85' lang='lat' dir='ltr'>cornu</span> <span class='ocrx_word' id='word_1_187' title='bbox 1132 1578 1306 1619; x_wconf 85' lang='lat' dir='ltr'>fortuna</span> <span class='ocrx_word' id='word_1_188' title='bbox 1337 1578 1451 1633; x_wconf 85' lang='lat' dir='ltr'>regis</span> 
     </span>
    </p>
   </div>
   <div class='ocr_carea' id='block_1_8' title="bbox 37 1635 1450 1693">
    <p class='ocr_par' dir='ltr' id='par_1_8' title="bbox 37 1635 1450 1693">
     <span class='ocr_line' id='line_1_28' title="bbox 37 1635 1450 1693; baseline 0.002 -18"><span class='ocrx_word' id='word_1_189' title='bbox 37 1650 66 1675; x_wconf 78' lang='lat'>·.·</span> <span class='ocrx_word' id='word_1_190' title='bbox 91 1637 212 1687; x_wconf 83' lang='lat' dir='ltr'>esset,</span> <span class='ocrx_word' id='word_1_191' title='bbox 245 1636 447 1687; x_wconf 86' lang='lat' dir='ltr'>repressit</span> <span class='ocrx_word' id='word_1_192' title='bbox 472 1650 583 1677; x_wconf 89' lang='lat' dir='ltr'>suos.</span> <span class='ocrx_word' id='word_1_193' title='bbox 648 1635 845 1678; x_wconf 83' lang='lat' dir='ltr'>Mazaeus</span> <span class='ocrx_word' id='word_1_194' title='bbox 874 1637 973 1678; x_wconf 88' lang='lat' dir='ltr'>dato</span> <span class='ocrx_word' id='word_1_195' title='bbox 1001 1652 1171 1693; x_wconf 89' lang='lat' dir='ltr'>pugnae</span> <span class='ocrx_word' id='word_1_196' title='bbox 1199 1638 1337 1692; x_wconf 85' lang='lat' dir='ltr'>spatio</span> <span class='ocrx_word' id='word_1_197' title='bbox 1365 1652 1450 1678; x_wconf 91' lang='lat' dir='ltr'>non</span> 
     </span>
    </p>
   </div>
   <div class='ocr_carea' id='block_1_9' title="bbox 90 1694 1451 1748">
    <p class='ocr_par' dir='ltr' id='par_1_9' title="bbox 90 1694 1451 1748">
     <span class='ocr_line' id='line_1_29' title="bbox 90 1694 1451 1748; baseline 0.003 -15"><span class='ocrx_word' id='word_1_198' title='bbox 90 1696 207 1734; x_wconf 75' lang='lat' dir='ltr'>recto</span> <span class='ocrx_word' id='word_1_199' title='bbox 254 1694 424 1748; x_wconf 81' lang='lat' dir='ltr'>itinere,</span> <span class='ocrx_word' id='word_1_200' title='bbox 470 1695 541 1736; x_wconf 93' lang='lat' dir='ltr'>sed</span> <span class='ocrx_word' id='word_1_201' title='bbox 586 1697 746 1737; x_wconf 88' lang='lat' dir='ltr'>maiore</span> <span class='ocrx_word' id='word_1_202' title='bbox 793 1699 833 1737; x_wconf 88' lang='lat' dir='ltr'>et</span> <span class='ocrx_word' id='word_1_203' title='bbox 879 1697 931 1738; x_wconf 93' lang='lat' dir='ltr'>ob</span> <span class='ocrx_word' id='word_1_204' title='bbox 977 1697 1019 1737; x_wconf 88' lang='lat' dir='ltr'>id</span> <span class='ocrx_word' id='word_1_205' title='bbox 1064 1698 1223 1738; x_wconf 90' lang='lat' dir='ltr'>tutiore</span> <span class='ocrx_word' id='word_1_206' title='bbox 1270 1697 1451 1738; x_wconf 82' lang='lat' dir='ltr'>circuitu</span> 
     </span>
    </p>
   </div>
   <div class='ocr_carea' id='block_1_10' title="bbox 238 1784 369 1788">
    <p class='ocr_par' dir='ltr' id='par_1_10' title="bbox 238 1784 369 1788">
     <span class='ocr_line' id='line_1_30' title="bbox 238 1784 369 1788; baseline 0 0"><span class='ocrx_word' id='word_1_207' title='bbox 238 1784 369 1788; x_wconf 95' lang='lat' dir='ltr'> </span> 
     </span>
    </p>
   </div>
   <div class='ocr_carea' id='block_1_11' title="bbox 87 1834 1449 2071">
    <p class='ocr_par' dir='ltr' id='par_1_11' title="bbox 87 1834 1449 2071">
     <span class='ocr_line' id='line_1_31' title="bbox 187 1834 1449 1883; baseline 0.003 -16"><span class='ocrx_word' id='word_1_208' title='bbox 187 1839 201 1867; x_wconf 85' lang='lat'>1</span> <span class='ocrx_word' id='word_1_209' title='bbox 233 1834 443 1880; x_wconf 86' lang='lat' dir='ltr'>abundans]</span> <span class='ocrx_word' id='word_1_210' title='bbox 472 1835 695 1869; x_wconf 85' lang='lat' dir='ltr'>habundans</span> <span class='ocrx_word' id='word_1_211' title='bbox 715 1840 751 1870; x_wconf 87' lang='lat' dir='ltr'>P.</span> <span class='ocrx_word' id='word_1_212' title='bbox 852 1837 967 1871; x_wconf 78' lang='lat' dir='ltr'>aciem</span> <span class='ocrx_word' id='word_1_213' title='bbox 995 1842 1028 1871; x_wconf 85' lang='lat'>1:</span> <span class='ocrx_word' id='word_1_214' title='bbox 1057 1838 1135 1871; x_wconf 84' lang='lat' dir='ltr'>acie</span> <span class='ocrx_word' id='word_1_215' title='bbox 1157 1841 1196 1871; x_wconf 84' lang='lat' dir='ltr'>A.</span> <span class='ocrx_word' id='word_1_216' title='bbox 1302 1842 1320 1870; x_wconf 92' lang='grc'>2</span> <span class='ocrx_word' id='word_1_217' title='bbox 1349 1837 1449 1883; x_wconf 84' lang='lat' dir='ltr'>cum]</span> 
     </span>
     <span class='ocr_line' id='line_1_32' title="bbox 88 1882 1448 1930; baseline 0.003 -16"><span class='ocrx_word' id='word_1_218' title='bbox 88 1884 167 1915; x_wconf 84' lang='lat' dir='ltr'>tum</span> <span class='ocrx_word' id='word_1_219' title='bbox 194 1885 218 1914; x_wconf 90' lang='lat' dir='ltr'>P</span> <span class='ocrx_word' id='word_1_220' title='bbox 242 1894 283 1915; x_wconf 84' lang='lat' dir='ltr'>m.</span> <span class='ocrx_word' id='word_1_221' title='bbox 299 1894 359 1925; x_wconf 68' lang='lat' dir='ltr'>pr.</span> <span class='ocrx_word' id='word_1_222' title='bbox 475 1882 685 1929; x_wconf 85' lang='lat' dir='ltr'>Parmenio]</span> <span class='ocrx_word' id='word_1_223' title='bbox 712 1885 929 1927; x_wconf 86' lang='lat' dir='ltr'>parmoenio</span> <span class='ocrx_word' id='word_1_224' title='bbox 955 1889 1061 1918; x_wconf 86' lang='lat' dir='ltr'>LPV.</span> <span class='ocrx_word' id='word_1_225' title='bbox 1160 1885 1280 1930; x_wconf 88' lang='lat' dir='ltr'>iubet]</span> <span class='ocrx_word' id='word_1_226' title='bbox 1307 1884 1384 1919; x_wconf 82' lang='lat' dir='ltr'>ibet</span> <span class='ocrx_word' id='word_1_227' title='bbox 1412 1889 1448 1918; x_wconf 90' lang='lat' dir='ltr'>L.</span> 
     </span>
     <span class='ocr_line' id='line_1_33' title="bbox 88 1929 1448 1978; baseline 0.003 -16"><span class='ocrx_word' id='word_1_228' title='bbox 88 1933 108 1962; x_wconf 71' lang='lat'>4</span> <span class='ocrx_word' id='word_1_229' title='bbox 136 1929 232 1974; x_wconf 82' lang='lat' dir='ltr'>sisti]</span> <span class='ocrx_word' id='word_1_230' title='bbox 261 1929 350 1964; x_wconf 81' lang='lat' dir='ltr'>siste</span> <span class='ocrx_word' id='word_1_231' title='bbox 376 1933 401 1963; x_wconf 90' lang='lat' dir='ltr'>P</span> <span class='ocrx_word' id='word_1_232' title='bbox 422 1942 540 1974; x_wconf 72' lang='lat' dir='ltr'>mpr.</span> <span class='ocrx_word' id='word_1_233' title='bbox 645 1931 773 1976; x_wconf 87' lang='lat' dir='ltr'>fugam</span> <span class='ocrx_word' id='word_1_234' title='bbox 800 1936 832 1965; x_wconf 87' lang='lat'>1:</span> <span class='ocrx_word' id='word_1_235' title='bbox 866 1932 957 1977; x_wconf 85' lang='lat' dir='ltr'>fuga</span> <span class='ocrx_word' id='word_1_236' title='bbox 983 1936 1022 1966; x_wconf 78' lang='lat' dir='ltr'>A.</span> <span class='ocrx_word' id='word_1_237' title='bbox 1135 1936 1154 1967; x_wconf 89' lang='grc'><strong>6</strong></span> <span class='ocrx_word' id='word_1_238' title='bbox 1187 1932 1448 1978; x_wconf 86' lang='lat' dir='ltr'>Parmenione]</span> 
     </span>
     <span class='ocr_line' id='line_1_34' title="bbox 88 1977 1375 2026; baseline 0.004 -17"><span class='ocrx_word' id='word_1_239' title='bbox 88 1977 351 2019; x_wconf 77' lang='lat' dir='ltr'>pai-moenione</span> <span class='ocrx_word' id='word_1_240' title='bbox 377 1981 517 2011; x_wconf 83' lang='lat' dir='ltr'>FLPV.</span> <span class='ocrx_word' id='word_1_241' title='bbox 599 1982 619 2012; x_wconf 85' lang='lat'><em>8</em></span> <span class='ocrx_word' id='word_1_242' title='bbox 651 1978 738 2024; x_wconf 83' lang='lat' dir='ltr'>sibi]</span> <span class='ocrx_word' id='word_1_243' title='bbox 766 1979 795 2013; x_wconf 91' lang='lat' dir='ltr'>si</span> <span class='ocrx_word' id='word_1_244' title='bbox 822 1983 861 2013; x_wconf 84' lang='lat' dir='ltr'>V.</span> <span class='ocrx_word' id='word_1_245' title='bbox 944 1983 962 2013; x_wconf 87' lang='lat'><strong>9</strong></span> <span class='ocrx_word' id='word_1_246' title='bbox 989 1980 1153 2026; x_wconf 87' lang='lat' dir='ltr'>felicius]</span> <span class='ocrx_word' id='word_1_247' title='bbox 1180 1980 1313 2014; x_wconf 79' lang='lat' dir='ltr'>filieius</span> <span class='ocrx_word' id='word_1_248' title='bbox 1339 1983 1375 2013; x_wconf 90' lang='lat' dir='ltr'>P.</span> 
     </span>
     <span class='ocr_line' id='line_1_35' title="bbox 87 2024 1374 2071; baseline 0.003 -14"><span class='ocrx_word' id='word_1_249' title='bbox 87 2024 280 2057; x_wconf 79' lang='lat' dir='ltr'>Mazaeum</span> <span class='ocrx_word' id='word_1_250' title='bbox 302 2025 438 2059; x_wconf 63' lang='lat' dir='ltr'>Aldus:</span> <span class='ocrx_word' id='word_1_251' title='bbox 459 2035 626 2059; x_wconf 85' lang='lat' dir='ltr'>mazeum</span> <span class='ocrx_word' id='word_1_252' title='bbox 647 2029 686 2059; x_wconf 93' lang='lat' dir='ltr'>A.</span> <span class='ocrx_word' id='word_1_253' title='bbox 764 2031 805 2060; x_wconf 86' lang='grc'>12</span> <span class='ocrx_word' id='word_1_254' title='bbox 827 2027 1021 2061; x_wconf 87' lang='lat' dir='ltr'>Parmenio</span> <span class='ocrx_word' id='word_1_255' title='bbox 1043 2031 1076 2061; x_wconf 81' lang='lat'>1:</span> <span class='ocrx_word' id='word_1_256' title='bbox 1097 2027 1313 2071; x_wconf 88' lang='lat' dir='ltr'>parmoenio</span> <span class='ocrx_word' id='word_1_257' title='bbox 1335 2031 1374 2060; x_wconf 88' lang='lat' dir='ltr'>A.</span> 
     </span>
    </p>
   </div>
   <div class='ocr_carea' id='block_1_12' title="bbox 86 2072 1448 2356">
    <p class='ocr_par' dir='ltr' id='par_1_12' title="bbox 86 2072 1448 2356">
     <span class='ocr_line' id='line_1_36' title="bbox 88 2072 1448 2121; baseline 0.004 -17"><span class='ocrx_word' id='word_1_258' title='bbox 88 2072 253 2116; x_wconf 79' lang='lat' dir='ltr'>causam]</span> <span class='ocrx_word' id='word_1_259' title='bbox 275 2083 385 2105; x_wconf 84' lang='lat' dir='ltr'>causa</span> <span class='ocrx_word' id='word_1_260' title='bbox 405 2076 442 2106; x_wconf 92' lang='lat' dir='ltr'>P.</span> <span class='ocrx_word' id='word_1_261' title='bbox 555 2077 596 2106; x_wconf 81' lang='lat'>13</span> <span class='ocrx_word' id='word_1_262' title='bbox 617 2074 783 2119; x_wconf 85' lang='lat' dir='ltr'>pugnae]</span> <span class='ocrx_word' id='word_1_263' title='bbox 809 2086 937 2119; x_wconf 82' lang='lat' dir='ltr'>pugna</span> <span class='ocrx_word' id='word_1_264' title='bbox 962 2079 987 2108; x_wconf 92' lang='lat' dir='ltr'>P</span> <span class='ocrx_word' id='word_1_265' title='bbox 1007 2087 1051 2109; x_wconf 80' lang='lat' dir='ltr'>m.</span> <span class='ocrx_word' id='word_1_266' title='bbox 1067 2087 1127 2119; x_wconf 73' lang='lat' dir='ltr'>pr.</span> <span class='ocrx_word' id='word_1_267' title='bbox 1237 2075 1448 2121; x_wconf 82' lang='lat' dir='ltr'>occasione]</span> 
     </span>
     <span class='ocr_line' id='line_1_37' title="bbox 87 2118 1447 2168; baseline 0.004 -17"><span class='ocrx_word' id='word_1_268' title='bbox 87 2118 258 2153; x_wconf 86' lang='lat' dir='ltr'>ocasione</span> <span class='ocrx_word' id='word_1_269' title='bbox 277 2123 316 2152; x_wconf 87' lang='lat' dir='ltr'>V.</span> <span class='ocrx_word' id='word_1_270' title='bbox 405 2123 447 2153; x_wconf 82' lang='lat'>15</span> <span class='ocrx_word' id='word_1_271' title='bbox 475 2120 635 2166; x_wconf 86' lang='lat' dir='ltr'>Ecquid]</span> <span class='ocrx_word' id='word_1_272' title='bbox 663 2121 792 2164; x_wconf 88' lang='lat' dir='ltr'>etquid</span> <span class='ocrx_word' id='word_1_273' title='bbox 812 2126 882 2164; x_wconf 78' lang='lat' dir='ltr'>FP,</span> <span class='ocrx_word' id='word_1_274' title='bbox 910 2122 1072 2166; x_wconf 88' lang='lat' dir='ltr'>hecquid</span> <span class='ocrx_word' id='word_1_275' title='bbox 1099 2126 1135 2156; x_wconf 87' lang='lat' dir='ltr'>L.</span> <span class='ocrx_word' id='word_1_276' title='bbox 1222 2122 1361 2168; x_wconf 89' lang='lat' dir='ltr'>inquit]</span> <span class='ocrx_word' id='word_1_277' title='bbox 1389 2123 1447 2155; x_wconf 90' lang='lat' dir='ltr'>in-</span> 
     </span>
     <span class='ocr_line' id='line_1_38' title="bbox 87 2165 1445 2215; baseline 0.004 -17"><span class='ocrx_word' id='word_1_278' title='bbox 87 2165 175 2208; x_wconf 84' lang='lat' dir='ltr'>quid</span> <span class='ocrx_word' id='word_1_279' title='bbox 203 2170 238 2199; x_wconf 91' lang='lat' dir='ltr'>L.</span> <span class='ocrx_word' id='word_1_280' title='bbox 344 2171 387 2201; x_wconf 87' lang='lat'>18</span> <span class='ocrx_word' id='word_1_281' title='bbox 414 2168 547 2213; x_wconf 81' lang='lat' dir='ltr'>strata]</span> <span class='ocrx_word' id='word_1_282' title='bbox 575 2170 713 2202; x_wconf 81' lang='lat' dir='ltr'>stracta</span> <span class='ocrx_word' id='word_1_283' title='bbox 732 2172 839 2202; x_wconf 83' lang='lat' dir='ltr'>FLV.</span> <span class='ocrx_word' id='word_1_284' title='bbox 940 2173 983 2204; x_wconf 83' lang='lat'>20</span> <span class='ocrx_word' id='word_1_285' title='bbox 1010 2169 1225 2215; x_wconf 87' lang='lat' dir='ltr'>languentis</span> <span class='ocrx_word' id='word_1_286' title='bbox 1254 2174 1279 2203; x_wconf 89' lang='lat' dir='ltr'>P</span> <span class='ocrx_word' id='word_1_287' title='bbox 1306 2182 1350 2204; x_wconf 82' lang='lat' dir='ltr'>m.</span> <span class='ocrx_word' id='word_1_288' title='bbox 1365 2182 1445 2214; x_wconf 62' lang='lat' dir='ltr'>pun:</span> 
     </span>
     <span class='ocr_line' id='line_1_39' title="bbox 86 2212 1446 2261; baseline 0.004 -16"><span class='ocrx_word' id='word_1_289' title='bbox 86 2212 306 2258; x_wconf 81' lang='lat' dir='ltr'>languentes</span> <span class='ocrx_word' id='word_1_290' title='bbox 334 2218 368 2247; x_wconf 87' lang='lat' dir='ltr'>c.</span> <span class='ocrx_word' id='word_1_291' title='bbox 487 2216 669 2261; x_wconf 81' lang='lat' dir='ltr'>erexerat]</span> <span class='ocrx_word' id='word_1_292' title='bbox 703 2218 873 2250; x_wconf 76' lang='lat' dir='ltr'>eraxerat</span> <span class='ocrx_word' id='word_1_293' title='bbox 898 2221 923 2250; x_wconf 91' lang='lat' dir='ltr'>P</span> <span class='ocrx_word' id='word_1_294' title='bbox 943 2229 986 2251; x_wconf 83' lang='lat' dir='ltr'>m.</span> <span class='ocrx_word' id='word_1_295' title='bbox 1002 2230 1062 2261; x_wconf 70' lang='lat' dir='ltr'>pr.</span> <span class='ocrx_word' id='word_1_296' title='bbox 1175 2222 1215 2251; x_wconf 89' lang='grc'>21</span> <span class='ocrx_word' id='word_1_297' title='bbox 1244 2228 1446 2261; x_wconf 88' lang='lat' dir='ltr'>prorupere</span> 
     </span>
     <span class='ocr_line' id='line_1_40' title="bbox 90 2259 1446 2310; baseline 0.004 -17"><span class='ocrx_word' id='word_1_298' title='bbox 90 2259 311 2296; x_wconf 61' lang='lat' dir='ltr'>Gronovius:</span> <span class='ocrx_word' id='word_1_299' title='bbox 339 2273 514 2306; x_wconf 87' lang='lat' dir='ltr'>proruere</span> <span class='ocrx_word' id='word_1_300' title='bbox 539 2265 579 2296; x_wconf 88' lang='lat' dir='ltr'>A.</span> <span class='ocrx_word' id='word_1_301' title='bbox 667 2263 818 2309; x_wconf 84' lang='lat' dir='ltr'>sensim]</span> <span class='ocrx_word' id='word_1_302' title='bbox 847 2264 996 2298; x_wconf 85' lang='lat' dir='ltr'>semsim</span> <span class='ocrx_word' id='word_1_303' title='bbox 1022 2269 1058 2298; x_wconf 88' lang='lat' dir='ltr'>L.</span> <span class='ocrx_word' id='word_1_304' title='bbox 1135 2268 1177 2298; x_wconf 89' lang='grc'>22</span> <span class='ocrx_word' id='word_1_305' title='bbox 1204 2264 1446 2310; x_wconf 85' lang='lat' dir='ltr'>recedebant]</span> 
     </span>
     <span class='ocr_line' id='line_1_41' title="bbox 86 2306 1445 2356; baseline 0.005 -17"><span class='ocrx_word' id='word_1_306' title='bbox 86 2306 261 2341; x_wconf 84' lang='lat' dir='ltr'>recebant</span> <span class='ocrx_word' id='word_1_307' title='bbox 289 2312 324 2341; x_wconf 84' lang='grc' dir='ltr'>Ρ.</span> <span class='ocrx_word' id='word_1_308' title='bbox 442 2313 486 2343; x_wconf 85' lang='grc'>23</span> <span class='ocrx_word' id='word_1_309' title='bbox 513 2309 723 2356; x_wconf 88' lang='lat' dir='ltr'>Parmenio]</span> <span class='ocrx_word' id='word_1_310' title='bbox 755 2312 971 2355; x_wconf 86' lang='lat' dir='ltr'>parmoenio</span> <span class='ocrx_word' id='word_1_311' title='bbox 1005 2315 1077 2345; x_wconf 88' lang='lat' dir='ltr'>BF.</span> <span class='ocrx_word' id='word_1_312' title='bbox 1190 2316 1232 2345; x_wconf 78' lang='grc'>25</span> <span class='ocrx_word' id='word_1_313' title='bbox 1272 2312 1445 2346; x_wconf 80' lang='lat' dir='ltr'>Mazaeus</span> 
     </span>
    </p>
   </div>
   <div class='ocr_carea' id='block_1_13' title="bbox 86 2354 914 2403">
    <p class='ocr_par' dir='ltr' id='par_1_13' title="bbox 86 2354 914 2403">
     <span class='ocr_line' id='line_1_42' title="bbox 86 2354 914 2403; baseline 0.007 -16"><span class='ocrx_word' id='word_1_314' title='bbox 86 2354 222 2388; x_wconf 68' lang='lat' dir='ltr'>Aldus:</span> <span class='ocrx_word' id='word_1_315' title='bbox 256 2367 402 2390; x_wconf 83' lang='lat' dir='ltr'>lna-zeus</span> <span class='ocrx_word' id='word_1_316' title='bbox 424 2360 462 2390; x_wconf 82' lang='lat' dir='ltr'>A.</span> <span class='ocrx_word' id='word_1_317' title='bbox 562 2357 700 2403; x_wconf 90' lang='lat' dir='ltr'>spatio]</span> <span class='ocrx_word' id='word_1_318' title='bbox 727 2359 852 2401; x_wconf 81' lang='lat' dir='ltr'>spacio</span> <span class='ocrx_word' id='word_1_319' title='bbox 878 2363 914 2393; x_wconf 90' lang='lat' dir='ltr'>P.</span> 
     </span>
    </p>
   </div>
   <div class='ocr_carea' id='block_1_14' title="bbox 1485 399 1504 429">
    <p class='ocr_par' dir='ltr' id='par_1_14' title="bbox 1485 399 1504 429">
     <span class='ocr_line' id='line_1_43' title="bbox 1485 399 1504 429; baseline 0 0"><span class='ocrx_word' id='word_1_320' title='bbox 1485 399 1504 429; x_wconf 87' lang='lat'><strong>3</strong></span> 
     </span>
    </p>
   </div>
   <div class='ocr_carea' id='block_1_15' title="bbox 1483 698 1504 727">
    <p class='ocr_par' dir='ltr' id='par_1_15' title="bbox 1483 698 1504 727">
     <span class='ocr_line' id='line_1_44' title="bbox 1483 698 1504 727; baseline 0 0"><span class='ocrx_word' id='word_1_321' title='bbox 1483 698 1504 727; x_wconf 85' lang='lat'>4</span> 
     </span>
    </p>
   </div>
   <div class='ocr_carea' id='block_1_16' title="bbox 1481 1234 1500 1263">
    <p class='ocr_par' dir='ltr' id='par_1_16' title="bbox 1481 1234 1500 1263">
     <span class='ocr_line' id='line_1_45' title="bbox 1481 1234 1500 1263; baseline 0 0"><span class='ocrx_word' id='word_1_322' title='bbox 1481 1234 1500 1263; x_wconf 87' lang='lat'>6</span> 
     </span>
    </p>
   </div>
  </div>
 </body>
</html>
