1610 2522
365 90 698 126 HISTORIARUM
723 90 1008 124 ALEXANDRI
1034 89 1146 131 vnn,
1174 92 1205 124 9.
1379 87 1463 128 343

111 201 237 242 modo
271 216 407 254 usum,
438 200 509 241 sed
543 200 672 241 etiam
704 199 869 240 aurium
903 197 1176 239 abstulerant.
1226 196 1292 237 Ne
1321 197 1364 237 in
1391 210 1464 251 gu-
1495 207 1536 236 15

111 260 408 302 bernatoribus
442 259 613 313 quidem
646 259 874 313 quicquam
908 259 1001 312 opis
1035 260 1135 310 erat,
1176 270 1356 310 quorum
1389 269 1465 296 nec

112 319 301 362 exaudiri
346 334 428 360 vox
473 334 495 359 a
536 318 896 359 tumultuantibus
929 319 1099 372 poterat
1130 330 1208 357 nec
1240 315 1464 369 imperium

113 395 135 420 a
167 379 325 420 territis
370 378 737 432 inconpositisque
782 376 948 418 servari.
1012 375 1127 432 Ergo
1167 375 1324 415 conlidi
1356 374 1467 415 inter
1496 384 1536 414 16

78 454 157 481 sse
200 453 328 479 naves
373 437 689 492 abstergerique
735 437 915 477 invicem
959 436 1065 476 remi
1107 437 1149 475 et
1180 434 1254 475 alii
1286 433 1466 474 aliorum

112 498 282 553 navigia
315 512 463 552 urgere
497 499 737 550 coeperunt.
803 495 1003 536 Crederes
1035 509 1119 535 non
1154 494 1279 535 unius
1313 494 1467 534 exerci-

114 560 182 598 tus
215 557 390 598 classem
424 556 539 609 vehi‚
583 555 656 597 sed
689 555 869 596 duorum
901 554 1049 595 navale
1082 554 1209 594 inisse
1242 555 1467 594 certamen.

114 615 434 658 Incutiebantur
467 615 683 670 puppibus
717 628 879 668 prorae,
911 613 1212 668 premebantur
1242 627 1265 652 a
1292 626 1467 665 sequen·
1496 623 1537 652 17

113 676 240 729 tibus,
262 676 334 729 qui
355 674 648 716 antecedentes
676 674 967 715 turbaverant:
1001 673 1261 727 iurgantium
1289 671 1350 712 ira
1376 685 1467 724 per—

44 738 94 773 36
115 735 311 776 veniebat
350 735 477 775 ctiam
517 734 566 774 ad
603 748 763 774 manus.
826 732 1003 786 Iamque
1035 735 1176 773 aestus
1209 734 1322 772 totos
1356 731 1467 772 circa
1498 740 1538 771 18

62 813 94 836 11
115 795 272 835 flumen
305 808 475 848 campos
508 793 786 834 inundaverat
819 793 996 833 tumulis
1030 792 1252 832 dumtaxat
1284 790 1467 831 eminen-

114 854 229 895 tibus
273 853 390 895 velut
434 853 583 894 insulis
629 852 787 906 parvis,
837 852 881 892 in
926 866 1032 905 quos
1077 851 1269 905 plerique
1313 849 1468 904 trepidi

116 914 285 955 omissis
317 912 498 968 navigiis
532 927 656 953 enare
682 914 925 966 properant.
975 910 1179 964 Dispersa
1204 910 1351 951 classis
1380 924 1470 963 par·
1499 919 1539 949 19

116 973 193 1013 tim
235 972 279 1013 in
320 972 507 1025 praealta
548 986 656 1026 aqua
700 972 857 1023 stabat,
903 985 985 1024 qua
1019 969 1295 1011 subsederant
1326 970 1469 1022 valles,

64 1049 95 1074 15
116 1032 272 1086 partim
317 1032 361 1072 in
402 1031 508 1071 vado
547 1031 766 1077 haerebat,
811 1033 1042 1084 utcumque
1082 1029 1301 1083 inaequale
1334 1031 1470 1068 terrae

65 1641 97 1666 25

115 1091 336 1143 fastigium
379 1093 689 1144 occupaverant
731 1090 883 1130 undae:
926 1103 1022 1130 cum
1065 1089 1206 1130 subito
1249 1102 1384 1129 novus
1429 1090 1469 1127 et

116 1150 297 1205 pristino
348 1150 484 1191 maior
534 1152 670 1190 terror
716 1149 930 1190 incutitur.
1012 1147 1284 1202 Reciprocari
1330 1147 1471 1200 coepit
1497 1157 1541 1187 20

116 1225 231 1251 mare
270 1223 424 1264 magno
468 1212 608 1250 tractu
640 1209 761 1262 aquis
794 1208 839 1249 in
877 1223 1001 1249 suum
1032 1208 1189 1248 fretum.
1222 1207 1470 1247 recurrenti-

117 1269 196 1310 bus
228 1269 513 1322 reddebatque
546 1271 679 1309 terras
712 1268 839 1322 paulo
874 1271 971 1308 ante
1003 1266 1217 1321 profundo
1248 1266 1337 1307 salo
1365 1279 1471 1306 mer-

65 1346 79 1370 2
119 1343 195 1369 sas.
246 1327 385 1384 Igitur
412 1328 616 1369 destituta
640 1327 810 1383 navigia
837 1327 918 1367 alia
944 1326 1280 1381 praecipitantur
1306 1327 1350 1366 in
1376 1340 1471 1379 pro-

118 1402 203 1441 ras,
248 1387 330 1428 alia
376 1388 419 1427 in
461 1388 594 1428 latera
639 1387 935 1441 procumbunt.
1005 1384 1137 1427 Strati
1175 1388 1295 1426 erant
1334 1384 1471 1438 campi

119 1447 306 1501 sarcinis,
333 1447 473 1500 armis,
499 1447 741 1487 avulsarum
768 1445 1008 1486 tabularum
1035 1459 1334 1498 remorumque
1360 1444 1472 1498 frag-

120 1506 285 1547 mentis.
348 1506 472 1546 Miles
505 1520 581 1546 nec
613 1505 756 1560 egredi
790 1506 831 1545 in
865 1508 1020 1546 terram
1055 1519 1131 1545 nec
1164 1505 1208 1544 in
1240 1518 1347 1544 nave
1375 1504 1471 1544 sub-
1499 1514 1540 1543 21

119 1566 267 1606 sistere
301 1565 481 1606 audebat
515 1565 745 1606 identidem
778 1564 1073 1618 praesentibus
1107 1563 1322 1619 graviora,
1365 1577 1471 1616 quae

119 1627 405 1679 sequerentur,
443 1629 682 1678 expectans.
747 1624 842 1675 Vix,
876 1638 983 1677 quae
1015 1623 1379 1677 perpetiebantur,
1412 1623 1472 1662 vi-

119 1684 215 1724 dere
248 1684 364 1737 ipsos
391 1684 627 1737 eredebant,
660 1684 704 1723 in
731 1683 840 1724 sicco
867 1682 1102 1737 naufragia,
1134 1682 1179 1723 in
1205 1682 1318 1722 amni
1346 1696 1471 1722 mare.

116 1743 207 1784 Nec
251 1743 347 1784 finis
392 1743 617 1783 malorum:
664 1743 822 1796 quippe
861 1747 1024 1783 aestum
1066 1743 1194 1796 paulo
1227 1744 1325 1795 post
1357 1755 1472 1781 mare
1499 1752 1541 1781 22

117 1802 368 1851 relaturum,
402 1817 484 1855 quo
518 1802 689 1856 navigia
723 1803 1040 1855 adlevarentur‚
1072 1801 1209 1856 ignari
1242 1800 1398 1841 famem
1431 1803 1474 1840 et

216 1922 231 1952 1
261 1918 331 1963 Ne]
359 1929 426 1952 nec
453 1922 488 1952 L.
589 1922 607 1952 2
634 1919 718 1964 nec]
745 1929 791 1952 ne
818 1923 850 1952 C.
960 1922 979 1952 3
1006 1930 1027 1951 a
1053 1916 1389 1962 tumultuantibus]
1416 1918 1474 1950 tu-

118 1965 391 1999 multuantibus
418 1970 453 1999 P.
533 1971 553 1999 4
580 1977 601 1999 a
628 1966 784 2011 territis]
811 1965 991 1999 atterritis
1018 1969 1053 1999 P.
1129 1969 1148 1999 ὃ
1176 1964 1472 2009 abstergerique]

119 2013 358 2056 abstergique
383 2016 423 2046 V.
571 2017 590 2046 6
618 2014 832 2059 coeperunt]
862 2014 1041 2057 ceperunt
1066 2017 1102 2047 P.
1250 2012 1338 2057 non]
1365 2023 1411 2046 ne
1437 2015 1472 2045 P.

119 2063 140 2094 8
166 2060 463 2106 Incutiebantur]
489 2060 772 2094 incuciebantur
797 2064 870 2094 Fv.
1019 2064 1061 2093 14
1089 2060 1201 2105 aqua]
1227 2059 1342 2102 inqua
1369 2062 1400 2092 c.

119 2108 208 2153 qua]
236 2119 328 2150 quas
353 2112 388 2142 P.
496 2111 537 2141 15
564 2108 744 2142 haerebat
769 2112 802 2141 1:
830 2107 1035 2142 haerebant
1061 2111 1099 2141 A.
1207 2110 1249 2140 19
1276 2106 1474 2140 reddebat-

120 2155 207 2200 que]
232 2155 512 2198 reddebantque
539 2159 575 2190 P.
712 2160 755 2189 20
783 2154 1094 2201 praecipitantur]
1121 2154 1412 2199 praetipitantur
1438 2157 1472 2186 L.

121 2206 162 2235 21
191 2202 455 2248 procumbunt]
493 2202 740 2247 procumbant
771 2207 797 2236 F
823 2215 867 2237 m.
889 2215 948 2247 pr.
1095 2205 1138 2236 23
1171 2212 1263 2235 nave
1303 2201 1473 2244 Scheffer:

119 2259 233 2283 naues
254 2252 292 2282 A.
377 2253 421 2283 24
448 2249 669 2295 identidem]
691 2250 896 2284 identidem
916 2250 1016 2283 idem
1036 2253 1071 2283 P.
1148 2253 1191 2282 25
1213 2248 1474 2293 perpetieban-

119 2297 180 2329 tur
200 2300 224 2328 L
245 2308 288 2330 m.
309 2307 391 2330 sec:
412 2297 671 2340 pertiebantur
689 2301 719 2330 A
739 2297 1019 2342 [perciebantur
1029 2297 1084 2342 V].
1161 2300 1204 2330 27
1227 2296 1310 2329 finis
1331 2296 1472 2329 Lauer:

124 2343 210 2377 fines
231 2346 270 2377 A.
340 2347 384 2377 ‘28
406 2343 679 2389 adlevarentur]
708 2345 968 2378 adleue-rentur
994 2348 1026 2378 C.
