1610 2522
365 91 700 126 HISTORIARVL'M
726 90 1008 125 ALEXANDRI
1035 90 1111 133 1111,
1142 95 1193 125 16.
1376 90 1457 131 103

105 204 164 255 ut,
197 200 405 255 quidquid
438 201 594 243 occulti
621 199 814 241 humoris
848 214 1028 253 usquam
1057 203 1260 253 manaret,
1293 201 1456 253 excipe-

109 263 211 315 rent,
244 275 321 302 nec
353 261 439 301 ulla
467 260 569 301 adeo
597 261 693 301 avia
725 263 766 300 et
799 259 909 301 sicca
935 259 1086 300 lacuna
1119 261 1220 311 erat,
1253 262 1300 299 ut
1333 260 1458 300 vesti-

107 321 301 375 gantium
334 321 450 360 sitim
483 319 660 361 falleret.
722 318 759 359 E
793 320 1002 373 proximis
1041 332 1140 360 vero
1174 319 1318 360 itineri
1351 318 1456 360 vicis

106 379 293 421 ululatus
337 394 483 420 senum
523 378 862 432 feminarumque
903 378 1240 419 exaudiebantur
1278 378 1456 419 barbaro

71 456 86 481 5
106 440 191 480 ritu
226 438 412 480 Dareum
446 438 583 479 adhuc
615 452 759 492 regem
794 439 1080 480 clamantium.

35 501 84 536 62

54 754 86 778 10

53 1049 85 1075 15

50 1347 85 1372 20

52 1643 86 1668 25

194 497 454 551 Alexander,
493 500 540 538 ut
578 512 706 552 supra
745 497 906 539 dictum
946 499 1026 551 est,
1063 496 1248 538 inhibito
1282 511 1456 538 suorum

107 557 272 612 impetu
298 557 350 598 ad
377 557 541 611 Lycum
562 572 730 599 amnem
750 560 1013 611 pervenerat,
1039 556 1112 597 ubi
1140 558 1290 612 ingens
1318 557 1459 597 multi-

105 617 210 658 tudo
242 617 499 672 fugientium
533 619 783 658 oneraverat
814 619 1007 670 pontem,
1045 619 1086 657 et
1119 616 1324 670 plerique,
1363 630 1457 657 cum

106 677 243 718 hostis
282 680 471 731 urgeret,
510 677 554 717 in
595 676 751 717 flumen
792 691 835 716 se
867 677 1253 730 praecipitaverant
1291 690 1459 730 graves-

108 750 189 789 que
234 737 361 776 armis
413 739 454 777 et
498 736 659 789 proelio
712 750 760 777 ac
800 735 903 790 fuga
949 736 1171 791 defetigati
1215 735 1458 791 gurgitibus

109 794 423 836 hauriebantur.
486 794 660 849 Iamque
698 809 786 836 non
822 809 930 849 pons
965 794 1090 836 modo
1122 795 1350 849 fugientes,
1389 794 1460 835 sed

106 868 157 894 ne
190 855 326 895 amnis
360 854 531 908 quidem
565 854 759 909 capiebat
791 856 962 910 agmina
1001 869 1077 895 sua
1109 854 1331 908 inprovide
1365 854 1459 895 sub-

105 913 202 954 inde
236 913 508 955 cumulantis:
542 916 701 968 quippe
735 913 808 954 ubi
834 915 1010 955 intravit
1043 915 1209 955 animos
1242 928 1386 968 pavor,
1417 914 1460 954 id

107 972 243 1014 solum
290 976 502 1028 metuunt,
553 973 667 1027 quod
710 973 896 1026 primum
942 974 1170 1015 formidare
1216 976 1458 1028 coeperunt.

106 1032 348 1074 Alexander
368 1033 627 1074 instantibus
655 1035 754 1086 suis,
781 1047 833 1074 ne
860 1034 1020 1087 inpune
1042 1033 1268 1075 abeuntem
1289 1034 1459 1074 hostem

108 1092 409 1133 intermitteret
447 1093 586 1146 sequi,
623 1092 794 1133 hebetia
834 1106 923 1133 esse
966 1093 1051 1133 tela
1092 1095 1134 1133 et
1170 1107 1320 1134 manus
1365 1092 1459 1133 fati-

106 1153 226 1206 gatas
259 1154 464 1205 tantoque
497 1166 622 1193 cursu
655 1166 835 1206 corpora
867 1151 1075 1193 exhausta
1107 1155 1148 1193 et
1180 1166 1383 1206 praeceps
1416 1152 1460 1192 in

105 1213 275 1252 noctem
321 1211 404 1252 diei
449 1213 617 1265 tempus
665 1214 862 1253 causatus
907 1214 982 1265 est,
1027 1226 1071 1253 re
1109 1226 1208 1253 vera
1250 1211 1300 1253 de
1338 1212 1460 1252 laevo

107 1284 256 1323 cornu,
295 1270 408 1323 quod
448 1270 586 1313 adhuc
624 1272 670 1312 in
708 1273 795 1312 acie
835 1274 946 1312 stare
988 1271 1203 1324 credebat,
1249 1271 1459 1313 sollicitus

106 1331 258 1370 reverti
297 1329 349 1370 ad
380 1330 594 1371 ferendam
630 1345 753 1384 opem
787 1332 873 1371 suis
908 1331 1068 1371 statuit.
1131 1329 1306 1384 Iamque
1340 1332 1461 1386 signa

106 1391 389 1442 converterat,
436 1403 531 1430 cum
577 1391 742 1443 equites
788 1405 811 1430 a
855 1389 1136 1431 Parmenione
1181 1390 1299 1431 missi
1344 1390 1460 1430 illius

106 1462 276 1514 quoque
302 1449 437 1502 partis
458 1450 680 1490 victoriam
707 1451 918 1490 nuntiant.
982 1449 1066 1491 Sed
1091 1449 1257 1490 nullum
1284 1450 1367 1490 hoc
1394 1449 1461 1490 die

106 1507 241 1548 maius
283 1509 519 1561 periculum
561 1508 668 1549 adiit
705 1523 850 1562 quam,
890 1509 990 1549 dum
1031 1510 1174 1563 copias
1212 1509 1379 1550 reducit
1417 1510 1462 1549 in

108 1569 254 1607 castra
317 1566 447 1608 Pauci
480 1581 576 1608 eum
610 1571 650 1608 et
677 1568 937 1622 inconpositi
965 1568 1252 1622 sequebantur
1286 1583 1337 1609 ox
1342 1571 1460 1609 antes

108 1627 286 1667 victoria
323 1651 372 1655 —
410 1627 567 1681 quippe
600 1642 745 1668 omnes
778 1627 921 1668 hostes
955 1631 1028 1668 aut
1061 1628 1104 1668 in
1130 1628 1277 1683 fugam
1306 1628 1462 1669 effusos

203 1783 219 1812 1
247 1778 429 1824 humoris]
462 1778 573 1813 moris
600 1783 626 1812 P
655 1792 696 1813 m.
713 1791 772 1823 pr.
897 1784 914 1813 '2
943 1780 1092 1826 lacuna]
1126 1780 1263 1815 lucuna
1289 1783 1314 1813 B
1344 1793 1385 1815 m.
1402 1793 1461 1825 pr.

105 1829 132 1859 F
152 1836 242 1860 corr.
263 1830 299 1860 L.
398 1826 664 1871 vestigantium
691 1828 833 1862 Lauer:
861 1828 1129 1873 castigantium
1155 1831 1194 1861 A.
1295 1832 1313 1862 3
1340 1828 1463 1872 proxi-

106 1873 175 1907 mis
202 1878 240 1907 C:
267 1873 455 1918 proxumis
475 1878 511 1907 P.
608 1885 693 1908 vero
720 1878 753 1908 1:
780 1885 866 1909 uere
887 1878 926 1908 A.
1026 1879 1046 1909 5
1072 1876 1213 1921 regem]
1243 1875 1417 1920 daregem
1437 1880 1463 1909 P

109 1932 150 1954 m.
166 1932 225 1964 pr.
336 1921 595 1967 clamantium]
623 1921 869 1956 clamancium
895 1926 935 1956 V.
1041 1927 1059 1957 6
1086 1923 1264 1969 inhibito]
1291 1923 1462 1957 inhabito

106 1971 131 2001 P
155 1980 196 2002 m.
212 1980 271 2012 pr.
378 1972 395 2002 7
424 1969 487 2014 ad]
515 1981 536 2002 a
562 1972 587 2002 P
607 1981 651 2003 m.
667 1982 726 2014 pr.
837 1970 993 2016 Lycum]
1021 1970 1135 2004 licum
1161 1975 1194 2004 C.
1300 1972 1462 2016 amnem]

106 2025 215 2050 anem
241 2019 276 2049 P.
385 2020 405 2050 8
433 2017 664 2062 oneraverat]
689 2017 938 2051 honerauerat
962 2022 998 2053 P.
1109 2023 1149 2052 11
1178 2018 1463 2063 hauriebantur]

106 2062 350 2097 auriebantur
367 2067 406 2097 V.
486 2068 526 2097 13
548 2064 787 2110 cumulantis]
810 2065 1017 2099 cumulanti
1036 2069 1062 2098 P
1084 2078 1126 2099 m.
1143 2078 1201 2109 pr.
1280 2069 1320 2099 16
1348 2065 1463 2100 inter-

106 2110 274 2144 mitteret
300 2111 458 2154 Ieepius:
485 2111 720 2154 permitteret
746 2116 784 2146 A.
931 2113 1098 2158 hebetia]
1125 2113 1303 2148 hebentia
1329 2117 1364 2147 P.

108 2156 303 2210 fatigatas]
325 2157 506 2203 fatigatus
526 2163 585 2192 LP
607 2171 648 2193 m.
665 2172 724 2203 pr.
801 2163 843 2193 18
871 2159 961 2206 diei]
983 2161 1043 2194 die
1063 2164 1088 2194 P
1108 2172 1152 2194 m.
1169 2173 1227 2205 pr.
1304 2163 1347 2194 20
1369 2160 1461 2205 suis}

110 2204 166 2237 sui
201 2208 226 2237 P
258 2217 302 2239 m.
328 2217 387 2249 pr.
534 2210 575 2240 21
616 2206 876 2252 Parmenione]
915 2208 1178 2261 parmoenione
1219 2212 1240 2241 C
1267 2208 1308 2253 [B
1341 2208 1460 2253 corr]

110 2255 153 2285 22
180 2252 371 2299 nuntiant]
397 2253 576 2287 nunciant
601 2258 626 2287 L
649 2266 691 2288 m.
707 2266 765 2298 pr.
787 2258 823 2287 P.
922 2255 991 2289 hoc
1018 2255 1078 2289 die
1103 2257 1249 2299 scripsi.
1284 2255 1395 2289 hodie
1422 2259 1460 2288 A.

110 2302 153 2332 23
182 2299 276 2333 adiit
298 2300 466 2335 Moriens:
495 2301 575 2335 adit
594 2305 619 2334 P
649 2314 690 2335 m
705 2314 776 2345 pr
804 2301 952 2336 addidit
977 2307 1009 2337 et
1035 2315 1075 2337 1η
1097 2304 1258 2347 margine
1284 2314 1374 2338 aser
1401 2302 1462 2337 uel

110 2345 249 2380 accidit
276 2351 308 2380 c
409 2352 451 2381 25
478 2347 606 2393 fugam
641 2349 873 2384 Imdelmus:
901 2349 991 2394 fuga
1018 2354 1056 2384 A

1487 330 1528 359 15

1488 509 1528 538 16

1490 1042 1530 1072 18

1490 1221 1531 1251 19

1489 1459 1532 1489 20
