1610 2522
151 102 205 143 94
657 104 695 142 Q.
725 101 749 134 (J
757 100 783 134 U
792 100 866 134 RTI
898 99 957 134 ltU
963 100 1003 133 1⁴¹1

152 216 258 264 sent,
305 211 482 265 providi,
526 211 680 264 locum,
727 211 766 251 in
814 224 897 264 quo
944 210 1053 251 acies
1099 209 1300 263 explicari
1347 212 1504 263 posset,

83 283 123 312 13
152 271 272 325 elegi.
336 272 483 311 Cetera
523 271 562 311 in
604 274 745 311 vestra
783 273 993 324 potestate
1032 272 1146 310 sunt:
1189 269 1337 310 audete
1377 268 1502 309 modo

150 332 317 372 vincere
351 331 604 383 famamque,
639 329 972 371 infirmissimum
1003 328 1202 369 adversus
1230 329 1363 369 fortes
1391 328 1502 369 viros

152 392 297 442 telum,
340 390 610 431 contemnite.
683 388 916 431 Temeritas
960 392 1034 441 est,
1077 402 1203 441 quam
1246 387 1383 428 adhuc
1426 401 1502 440 pro
1524 389 1573 426 54

153 451 308 491 virtute
348 450 570 490 timuistis:
613 464 718 502 quae
758 448 827 489 ubi
869 448 1053 502 primum
1097 448 1301 500 impetum
1343 446 1504 499 effudit,
1543 464 1558 489 5

83 522 124 551 14
153 511 269 551 velut
319 508 525 563 quaedam
571 508 769 549 animalia
810 508 963 549 emisso
1010 506 1169 560 aculeo,
1214 510 1365 561 torpet.
1449 505 1501 546 Hi

154 584 250 610 vero
301 569 437 623 campi
480 567 792 622 deprehendere
838 568 1114 621 paucitatem,
1161 581 1287 619 quam
1332 565 1504 607 Ciliciae

153 633 317 670 montes
364 628 682 670 absconderant.
747 626 913 668 Videtis
959 626 1127 667 ordines
1172 640 1302 678 raros,
1348 639 1506 666 cornua

152 692 335 741 extenta,
367 687 549 729 mediam
584 688 715 729 aciem
751 686 940 741 [vanam]
974 685 1241 727 exhaustam:
1280 699 1374 725 nam
1410 685 1505 725 ulti-

154 749 223 801 mi,
256 762 362 802 quos
395 748 554 788 locavit
587 761 769 800 aversos,
801 750 919 801 terga
952 746 1034 786 iam
1069 745 1282 799 praebent.
1346 744 1506 795 obteri,
1528 762 1560 786 ιο

153 807 412 861 mehercule,
453 821 658 862 equorum
699 806 870 861 ungulis
909 808 1107 859 possunt,
1152 805 1278 845 etiam
1324 805 1355 844 si
1398 803 1504 844 nihil

84 879 124 907 15
153 871 319 921 praeter
355 867 534 908 falcatos
578 881 724 908 currus
764 866 953 907 emisero.
1025 864 1079 905 Et
1118 863 1229 905 bello
1271 864 1507 915 vicerimus,

153 929 185 968 si
223 927 399 968 vicimus
432 926 607 981 proelio.
655 925 766 966 Nam
793 940 846 966 ne
872 925 957 965 illis
985 924 1156 977 quidem
1190 923 1241 964 ad
1268 925 1413 977 fugam
1450 923 1506 963 lo-

153 1002 226 1028 cus
254 990 334 1027 est:
360 986 459 1027 hinc
486 985 740 1040 Euphrates,
768 984 886 1025 illinc
913 983 1053 1039 Tigris
1081 984 1280 1038 prohibet
1307 982 1504 1023 inclusos.

85 1059 124 1087 111
153 1046 221 1098 Et,
264 1061 372 1100 quae
414 1049 539 1086 antea
579 1060 656 1100 pro
700 1044 784 1086 illis
827 1047 957 1096 erant,
1001 1044 1041 1083 in
1086 1043 1344 1084 contrarium
1388 1057 1560 1083 versam

154 1109 263 1147 sunt.
326 1105 535 1146 Nostrum
568 1105 725 1146 mobile
758 1106 798 1146 et
829 1103 1073 1159 expeditum
1107 1116 1258 1157 agmen
1292 1105 1366 1154 est,
1400 1101 1506 1142 illud

154 1165 308 1219 praeda
336 1180 474 1220 grave.
538 1164 769 1218 Inplicatos
798 1178 897 1219 ergo
926 1163 1073 1216 spoliis
1101 1163 1258 1203 nostris
1279 1161 1505 1202 trucidabi-

153 1239 258 1278 mus,
292 1225 522 1279 eademque
561 1240 625 1265 res
666 1227 707 1265 et
741 1238 865 1264 causa
904 1223 983 1263 erit
1016 1222 1219 1263 victoriae
1258 1224 1299 1262 et
1332 1222 1506 1262 fructus.

85 1297 124 1326 17
154 1284 314 1334 Quodsi
358 1299 483 1338 quem
529 1300 550 1325 e
596 1283 715 1325 vobis
760 1297 915 1324 nomen
961 1282 1099 1335 gentis
1144 1284 1304 1333 movet,
1349 1280 1509 1335 cogitet

155 1344 432 1385 Macedonum
480 1344 568 1385 illic
614 1358 729 1384 arma
774 1357 883 1395 esse,
930 1356 1012 1381 non
1058 1355 1246 1395 corpora.
1322 1339 1504 1380 Multum
1528 1356 1562 1380 το

154 1405 265 1444 enim
301 1404 551 1459 sanguinem
587 1404 766 1444 invicem
802 1402 1034 1455 hausimus,
1067 1405 1107 1441 et
1141 1415 1306 1454 semper
1338 1400 1509 1453 gravior

85 1476 126 1504 ns·
155 1465 195 1504 in
225 1464 440 1518 paucitate
469 1463 628 1504 iactura
656 1466 730 1503 est.
795 1461 904 1502 Nam
928 1460 1179 1512 Alexander,
1207 1462 1509 1513 quantuscum-

155 1538 236 1577 que
271 1523 435 1578 ignavis
469 1525 509 1563 et
542 1522 704 1563 timidis
738 1522 872 1563 videri
906 1523 1058 1574 potest,
1091 1534 1220 1560 unum
1257 1517 1413 1560 animal
1446 1522 1509 1558 est

154 1587 207 1636 et,
240 1584 273 1623 si
302 1582 404 1637 quid
433 1582 535 1622 mihi
565 1582 748 1634 creditis,
781 1581 1051 1621 temerarium
1085 1583 1126 1620 et
1154 1593 1339 1631 vaecors,
1371 1577 1508 1619 adhuc

85 1654 125 1684 13
155 1646 302 1684 nostro
336 1656 492 1696 pavore
521 1657 648 1695 quam
683 1657 757 1682 sua
784 1641 941 1681 virtute
968 1639 1144 1680 felicius.
1209 1637 1331 1679 Nihil
1365 1641 1506 1678 autem
1528 1653 1561 1679 25

155 1706 296 1755 potest
341 1716 430 1742 esse
476 1701 738 1753 diuturnum,
784 1700 851 1741 cui
896 1714 979 1740 non
1021 1698 1166 1740 subest
1206 1699 1326 1738 ratio,
1391 1696 1509 1737 Licet

154 1761 337 1802 felicitas
371 1760 587 1814 adspirare
614 1759 819 1813 videatur,
852 1761 994 1800 tamen
1027 1758 1079 1798 ad
1110 1758 1308 1799 ultimum
1341 1755 1508 1797 temeri—

154 1821 231 1862 tati
266 1835 351 1861 non
383 1820 554 1862 sufficit.
617 1819 839 1861 Praeterea
872 1818 1020 1859 breves
1063 1821 1103 1858 et
1136 1815 1362 1858 mutabiles
1395 1815 1508 1856 vices

154 1895 291 1921 rerum
328 1883 437 1932 sunt,
477 1884 518 1921 et
550 1879 722 1921 fortuna
754 1892 985 1932 numquam
1021 1877 1272 1930 simpliciter
1307 1874 1507 1929 indulget.

83 1952 127 1981 20
156 1940 352 1981 Forsitan
391 1940 449 1980 ita
483 1940 541 1980 «lii
574 1939 661 1980 fata
695 1938 1001 1989 ordinaverint,
1044 1940 1091 1977 ut
1123 1936 1344 1977 Persarum
1380 1935 1507 1988 impe·
1529 1951 1563 1975 30

250 2039 269 2067 ἰ)
298 2033 492 2078 timuistis]
519 2032 678 2066 timuisti
706 2035 744 2065 V.
869 2036 887 2062 ι’.
916 2033 1037 2074 torpet
1065 2033 1097 2063 1:
1126 2030 1273 2073 torpent
1300 2031 1338 2061 A.
1462 2026 1509 2060 Hi

159 2082 325 2116 Merula:
354 2081 378 2114 ii
402 2084 439 2114 Δ.
522 2084 541 2113 9
570 2080 736 2125 [vanam]
763 2080 885 2113 deleri.
967 2077 1186 2112 exhaustam
1207 2080 1240 2110 1:
1269 2075 1448 2109 exhausta
1475 2078 1508 2117 c,

155 2132 311 2164 exausta
337 2133 362 2162 P
390 2141 433 2163 m.
458 2139 514 2172 [ιν.
641 2132 681 2160 10
709 2127 869 2172 aversos]
901 2126 1080 2160 aduersus
1106 2129 1132 2158 Ε
1160 2137 1202 2158 m.
1225 2135 1282 2168 pr.
1410 2127 1446 2156 11
1479 2122 1507 2155 si

156 2176 248 2210 nihil
274 2181 315 2210 P:
345 2177 373 2210 si
401 2175 453 2209 nil
474 2179 496 2208 C
524 2175 648 2220 [simul
677 2179 702 2208 F
731 2187 772 2208 m.
791 2175 876 2219 pr.].
955 2177 996 2206 13
1024 2172 1177 2206 vicimus
1204 2175 1236 2204 1:
1266 2170 1448 2204 uincimus
1469 2173 1507 2203 Δ.

159 2229 198 2257 14
221 2224 358 2269 Tigris]
375 2223 492 2269 tygris
507 2225 615 2257 BFV.
694 2226 734 2256 15
760 2221 1001 2266 contrarium]
1018 2219 1242 2254 contrariam
1257 2222 1292 2251 L.
1371 2222 1411 2251 16
1433 2228 1510 2250 mo-

157 2271 246 2317 bile]
274 2271 397 2305 nobile
418 2275 453 2304 P.
563 2272 614 2316 et]
642 2283 707 2304 0111.
730 2273 765 2303 F.
882 2273 922 2303 19
949 2269 1074 2313 quem]
1105 2265 1256 2311 quidem
1283 2269 1307 2299 P
1330 2278 1372 2300 m.
1389 2276 1447 2309 pr.
1469 2267 1507 2299 V.

156 2324 195 2353 21
227 2319 433 2364 hausimus]
461 2318 624 2352 ausimus
646 2321 679 2351 L,
769 2322 811 2351 24
839 2316 946 2362 quid]
974 2315 1054 2359 quit
1075 2318 1110 2348 P.
1198 2313 1335 2358 adhuc}
1356 2313 1452 2346 aduc
1473 2315 1507 2346 1..

156 2372 199 2401 25
229 2367 388 2412 felicius]
413 2365 545 2400 filicius
566 2369 599 2399 P.
