1610 2522
52 471 100 505 lv

66 600 84 627 [ν’-

66 955 84 983 3

65 1253 82 1282 -ι

66 1432 85 1461 5

68 1850 86 1879 (ἱ

112 120 164 160 54
617 122 654 159 Q.
684 118 823 151 (ssl'n'l‘l
855 118 961 151 RVFI

112 232 171 274 et,
217 229 422 283 quidquid
469 229 686 281 attigerat,
733 227 974 282 perurebat,
1023 227 1304 281 iacientesque
1348 241 1463 268 arma

111 289 306 329 laverat-is
350 288 565 338 omnibus,
608 288 702 341 quis
745 287 912 341 protegi
958 289 1173 341 poterant,
1216 286 1463 327 vulneribus

114 348 235 388 inulti
270 347 484 402 patebant.
531 346 655 388 Corvi
683 361 781 387 vero
809 350 851 387 et
878 348 1036 387 ferreae
1068 361 1217 387 manus
1252 349 1463 387 tormento

113 408 312 449 remissae
344 406 572 461 plerosque
606 406 839 460 rapiebant.

205 466 286 508 Hic
316 481 387 507 rex
415 467 621 521 fatigatus
648 468 855 507 statuerat
882 465 1018 506 soluta
1048 465 1269 506 obsidione
1298 464 1463 519 Aegyp·
1489 467 1533 503 17

112 530 201 568 tuin
249 530 404 580 petere.
481 526 647 580 Quippe
698 540 791 566 cum
840 525 983 566 Asiam
1032 524 1192 579 ingenti
1241 524 1464 565 velocitate
1503 541 1519 566 e

113 586 463 641 percucurrisset‚
505 585 614 627 eirca
654 599 799 627 muros
838 585 964 625 unius
1005 584 1122 625 urbis
1162 583 1362 625 haerebat
1400 586 1466 624 tot

113 646 392 686 maximarum
416 660 556 686 rerum
579 645 901 699 opportunitate
922 644 1106 685 dimissa.
1159 644 1353 685 Ceterum
1377 646 1463 684 tam

113 705 326 746 discedere
365 705 540 746 inritum
582 720 707 759 quam
742 704 900 745 morari
939 703 1143 758 pudebat,
1176 702 1328 744 famam
1365 717 1465 757 quo-

113 780 212 819 que,
252 780 335 819 qua
367 765 490 820 plura
523 778 649 819 quam
684 764 813 804 armis
848 766 1074 816 everterat,
1113 767 1230 803 ratus
1264 762 1461 804 leviorem
1487 780 1520 804 ιο

112 825 216 877 fore,
245 825 278 864 si
307 824 467 879 Tyrum
496 824 615 878 quasi
644 826 809 877 testem,
837 837 880 864 se
907 838 1032 878 posse
1059 822 1184 874 vinci,
1210 822 1464 876 reliquisset.

113 883 251 939 Igitur
283 898 334 925 ne
369 884 468 938 quid
498 884 763 937 inexpertum
799 883 1028 936 omitteret,
1062 882 1204 936 plures
1237 896 1365 923 naves
1398 881 1463 922 ad<

111 944 271 985 moveri
321 944 438 985 iubet
484 943 754 998 delectosque
799 942 984 983 militum
1031 941 1190 996 inponi.
1256 941 1311 982 Et
1356 941 1465 982 forte

112 1003 235 1044 belua
263 1003 504 1044 invisitatae
525 1003 834 1057 magnitudinis
862 1016 988 1056 super
1014 1002 1129 1056 ipsos
1157 1001 1311 1042 fluctus
1339 1000 1464 1041 dorso

111 1063 300 1103 eminens
334 1063 385 1104 ad
419 1063 586 1115 molem,
628 1077 754 1116 quam
788 1062 1040 1103 Macedones
1075 1061 1276 1115 iecerant,
1316 1061 1464 1116 ingens
1487 1077 1518 1102 ιε,

112 1137 265 1177 corpus
299 1123 505 1177 adplicuit
539 1122 903 1176 diverberatisque
936 1120 1137 1161 fluctibus
1171 1120 1370 1161 adlevans
1403 1135 1464 1161 se-

112 1186 199 1223 met
243 1183 458 1237 utrimque
503 1184 730 1236 conspecta
774 1184 854 1222 est:
900 1181 1050 1222 deinde
1095 1196 1117 1221 a
1162 1181 1300 1235 capite
1341 1179 1466 1220 molis

110 1257 256 1283 rursus
291 1241 376 1283 alto
411 1256 454 1283 se
487 1242 680 1283 inmersit
713 1255 761 1283 ao
793 1242 918 1282 modo
953 1255 1079 1295 super
1111 1240 1246 1280 undas
1279 1239 1466 1280 eminens

111 1317 264 1357 magna
309 1302 372 1342 sui
415 1304 552 1356 parte,
596 1300 723 1342 modo
770 1300 1004 1355 superfusis
1053 1299 1253 1340 fluctibus
1297 1298 1466 1340 condita

111 1361 222 1402 haud
271 1361 419 1415 procul
454 1360 728 1403 munimentis
773 1360 893 1401 urbis
933 1374 976 1400 se
1022 1359 1180 1401 mersit.
1262 1358 1465 1412 Utrisque
1487 1375 1520 1399 20

116 1420 248 1462 laetus
291 1421 373 1462 fuit
412 1421 561 1462 beluae
599 1423 812 1475 aspectus:
859 1419 1111 1461 Macedones
1155 1419 1237 1460 iter
1276 1418 1465 1459 iaciendo

114 1481 231 1534 operi
266 1484 526 1522 monstrasse
560 1495 651 1521 eam
685 1480 1018 1535 augurabantur,
1053 1478 1171 1532 Tyrii
1204 1477 1467 1532 Neptunum,

114 1541 309 1595 occupati
343 1540 472 1581 maris
498 1539 723 1592 vindicem,
756 1539 996 1593 abripuisse
1031 1538 1196 1579 beluam
1231 1552 1278 1579 ae
1310 1536 1462 1578 molem

114 1599 229 1641 brevi
258 1601 450 1654 profecto
478 1601 697 1641 ruituram.
761 1599 967 1652 Laetique
995 1598 1135 1639 omine
1168 1612 1216 1638 eo
1243 1597 1294 1637 ad
1323 1595 1467 1650 epulas

113 1659 265 1713 dilapsi
295 1674 522 1700 oneravere
556 1674 600 1700 se
626 1659 738 1711 vino,
773 1673 856 1712 quo
884 1672 1033 1713 graves
1062 1660 1154 1698 orto
1183 1657 1272 1697 sole
1298 1656 1469 1711 navigia
1489 1673 1522 1697 25

114 1719 404 1760 conscendunt
435 1719 632 1760 redimita
672 1717 850 1759 floribus
884 1717 1155 1771 coronisque:
1194 1716 1298 1757 adeo
1339 1716 1468 1756 victo-

113 1779 199 1819 riae
232 1793 315 1819 non
352 1793 475 1820 omen
508 1777 647 1832 modo,
681 1777 753 1819 sed
786 1778 912 1819 etiam
940 1776 1269 1832 gratulationem
1304 1789 1469 1829 praece-

116 1841 277 1892 perant.
350 1837 477 1880 Forte
519 1853 592 1879 rex
637 1837 810 1878 classem
857 1837 896 1877 in
943 1837 1150 1877 diversam
1193 1838 1353 1890 partem
1400 1834 1465 1886 agi
1495 1837 1539 1871 15⁴

116 1897 297 1938 iusserat
336 1910 428 1938 xxx
469 1897 707 1938 minoribus
752 1896 934 1951 navigiis
979 1895 1140 1937 relictis
1187 1895 1227 1935 in
1266 1894 1408 1935 litore:
1449 1909 1469 1933 e

114 1957 270 2011 quibus
308 1956 424 2011 Tyrii
467 1957 630 1998 duobus
671 1956 805 2010 captis
845 1959 981 1996 cetera
1022 1955 1185 2011 ingenti
1226 1957 1467 1995 terruerunt
1489 1970 1522 1994 ,πο

211 2102 229 2129 3
258 2098 415 2143 ferreae]
436 2098 531 2131 ferre
551 2101 589 2131 V.
666 2097 865 2142 tormento]
886 2097 1069 2131 tormenta
1093 2099 1124 2128 C.
1201 2099 1220 2128 5
1243 2095 1470 2139 Aegyptum}

114 2145 307 2190 aegiptum
329 2149 363 2179 P.
471 2150 487 2178 7
515 2144 806 2189 percucurrisset
825 2147 867 2177 P:
895 2142 1135 2188 percurrisset
1158 2147 1189 2175 C.
1290 2149 1309 2173 θ’
1337 2153 1470 2186 oppor—

113 2193 274 2226 tuuitatt¹
301 2197 331 2226 1:
361 2193 616 2237 oportunitate
641 2196 680 2226 Δ.
765 2195 806 2225 10
834 2191 922 2236 qua]
951 2191 1038 2234 quia
1066 2194 1102 2223 F.
1191 2195 1228 2223 11
1260 2189 1287 2222 si
1316 2189 1469 2234 'Py-mm}

114 2252 154 2283 sy
182 2241 292 2274 tirum
315 2244 353 2273 V.
442 2245 481 2274 14
505 2240 718 2274 invisitatae
741 2240 945 2273 Bentleius:
969 2237 1170 2271 inusitatae
1192 2241 1229 2271 Α.
1315 2241 1355 2269 15
1377 2237 1468 2270 iece-

114 2288 212 2332 rant]
235 2289 423 2331 igecerant
438 2291 476 2320 V.
551 2292 591 2321 18
613 2298 650 2322 se
665 2299 731 2322 om.
747 2290 772 2319 Ρ
790 2299 830 2320 m.
844 2298 899 2330 pr.
971 2286 1094 2330 super]
1113 2297 1178 2329 per
1192 2289 1226 2318 Ρ.
1300 2289 1339 2318 19
1362 2284 1470 2318 modo

113 2348 178 2369 om.
201 2339 237 2369 P.
260 2348 301 2369 m.
319 2347 378 2379 pr.
468 2340 511 2369 ΞΗ
540 2346 576 2368 se
597 2334 724 2369 mersit
749 2335 962 2369 Grunauer:
991 2333 1141 2366 emersit
1167 2336 1204 2365 A.
1294 2335 1336 2366 23
1364 2343 1469 2366 occu-

114 2383 209 2429 pati]
237 2383 386 2427 ocupati
413 2387 451 2416 V.
551 2393 593 2416 ac
619 2386 652 2415 1:
681 2382 726 2416 ad
755 2385 793 2416 Δ.
894 2385 938 2415 24
964 2380 1109 2426 epulas]
1137 2379 1293 2425 hepulas
1320 2383 1355 2413 1..
