1610 2522
351 96 607 132 HISTORIA-&R
619 95 685 129 ΠΜ
714 93 997 129 ALEXANDRI
1022 93 1082 134 VI,
1111 98 1140 126 2.
1164 97 1193 126 3
1370 91 1452 131 159

97 207 218 260 ciam,
252 206 432 260 Syriam,
465 205 720 258 Phoenicen,
747 203 1008 256 Armeniam,
1038 201 1266 243 Persidem.
1293 200 1454 253 Medos,

98 266 354 308 Parthienen
398 265 603 306 habemus
648 265 690 305 in
737 265 961 317 potestate.
1024 261 1173 302 Plures
1212 260 1454 315 provincias

98 327 330 380 conplexus
363 339 470 378 sum,
503 339 629 378 quam
663 323 735 364 alii
761 322 888 363 urbes
916 324 1129 375 ceperunt,
1162 323 1204 361 et
1230 320 1372 361 nescio
1402 334 1453 359 an

98 385 363 425 enumeranti
410 383 514 424 mihi
561 383 766 437 quaedam
811 382 1000 436 ipsarum
1039 395 1180 422 rerum
1223 379 1454 420 multitudo

63 463 77 486 z·
99 444 359 486 subduxerit.
422 442 572 497 Itaque
605 443 638 483 si
674 442 885 483 crederem
919 440 1021 481 satis
1054 442 1209 481 certam
1245 453 1335 480 esse
1361 453 1456 493 pos·
1484 452 1498 480 Γ

47 759 79 783 10

47 1054 79 1079 15

48 1352 81 1376 20

100 505 332 545 sessionem
364 506 591 556 terrarum,
636 516 739 555 quas
778 504 898 542 tanta
936 500 1161 541 velocitate
1201 499 1456 551 domuimus,

99 577 176 618 ego
219 577 330 616 vero,
374 563 544 614 milites,
589 561 640 601 ad
674 563 849 615 penates
881 574 1011 614 meos,
1055 559 1105 599 ad
1138 561 1357 612 parentem
1394 571 1456 598 so—

98 636 299 676 roresque
333 624 374 662 et
407 624 571 663 ceteros
604 620 716 662 cives
750 621 816 660 vel
848 619 1131 661 retinentibus
1167 618 1288 659 vobis
1322 632 1457 658 erum-

98 697 261 736 perem,
304 684 352 722 ut
398 681 458 721 ibi
502 681 772 735 potissimum
818 682 941 733 parta
984 678 1204 719 vobiscum
1250 677 1374 718 laude
1417 679 1458 717 et

100 742 235 797 gloria
267 741 441 795 fruerer,
473 740 547 781 ubi
578 754 657 781 nos
690 739 906 780 uberrima
937 738 1142 779 victoriae
1174 736 1361 791 praemia
1390 750 1458 776 ex-

100 803 283 854 pectant,
314 800 510 853 liberum,
549 799 780 854 coniugum
811 800 1123 852 parentumque
1154 796 1330 849 laetitia,
1362 810 1459 850 pax,

100 861 237 913 quies,
276 874 416 900 rerum
458 874 535 914 per
566 858 769 900 virtutem
802 861 1019 912 partarum
1054 871 1201 898 secura
1233 856 1457 910 possessio

101 918 182 960 Sed
210 920 252 959 in
285 934 396 960 novo
430 921 482 971 et,
516 918 551 959 si
583 932 727 958 verum
764 917 886 958 fateri
920 918 1129 966 volumus,
1161 915 1351 970 precario
1383 915 1458 955 im·
1494 928 1504 935 ²

100 978 218 1033 perio
271 978 410 1019 adhuc
454 978 602 1033 iugum
649 977 739 1018 eius
784 977 923 1032 rigida
968 976 1130 1018 cervice
1175 974 1457 1016 subeuntibus

102 1038 292 1079 barbaris
338 1040 548 1092 tempore,
592 1037 768 1089 milites,
815 1051 921 1090 opus
954 1038 1035 1089 est,
1081 1035 1181 1076 dum
1214 1033 1458 1075 mitioribus

102 1097 284 1152 ingeniis
318 1097 557 1138 inbuuntur
588 1099 630 1137 et
663 1096 858 1137 efferatos
890 1096 1042 1137 melior
1075 1094 1337 1136 consuetudo
1368 1108 1460 1147 per-

100 1158 268 1198 mulcet.
332 1156 493 1211 Fruges
533 1170 704 1210 quoque
743 1154 1033 1196 maturitatem
1074 1156 1235 1195 statuto
1269 1156 1460 1207 tempore

101 1219 344 1270 expectant:
378 1216 481 1256 adeo
509 1216 635 1256 etiam
664 1215 737 1256 illa
764 1229 910 1256 sensus
939 1215 1076 1255 omnis
1104 1212 1292 1267 expertia
1319 1215 1461 1254 tamen

102 1291 177 1316 sua
208 1277 302 1331 lege
333 1275 576 1316 mitescunt.
628 1274 768 1323 Quid?
821 1274 992 1316 creditis
1019 1276 1085 1315 tot
1112 1276 1260 1328 gentes
1286 1271 1461 1313 alterius

102 1336 280 1389 imperio
313 1349 361 1376 ac
393 1335 563 1375 nomine
597 1335 805 1387 adsuetaS,
842 1348 929 1374 non
962 1334 1104 1386 sacris,
1142 1346 1222 1373 ‘non
1257 1331 1461 1384 moribus,

102 1409 188 1435 non
233 1395 485 1436 commercio
529 1394 702 1449 linguae
741 1393 963 1434 nobiscum
1007 1392 1281 1433 cohaerentes
1314 1390 1461 1432 eodem

102 1453 266 1508 proelio
301 1453 485 1495 domitas
518 1467 625 1506 esse,
669 1467 752 1506 quo
786 1453 922 1493 victae
956 1452 1084 1492 sunt?
1134 1450 1301 1492 Vestris
1333 1450 1462 1491 armis

104 1514 394 1565 continentur,
438 1527 526 1553 non
557 1513 644 1553 suis
676 1512 866 1553 moribus
900 1515 959 1562 et,
996 1512 1069 1565 qui
1102 1513 1345 1565 praesentes
1378 1524 1461 1550 me-

103 1574 243 1625 tuunt,
276 1572 320 1613 in
352 1571 545 1612 absentia
577 1573 722 1612 hostes
756 1574 890 1612 erunt.
944 1570 1051 1611 Cum
1082 1571 1185 1611 feris
1217 1569 1365 1611 bestiis
1395 1583 1462 1609 res

70 1648 79 1654 ‘
105 1634 180 1684 est,
220 1646 324 1685 quas
357 1634 501 1685 captas
534 1634 575 1671 et
607 1632 804 1683 inclusas,
838 1631 937 1684 quia
970 1631 1159 1684 ipsarum
1192 1632 1344 1670 natura
1375 1642 1461 1669 non

103 1693 263 1745 potest,
306 1691 478 1746 longior
511 1690 598 1731 dies
630 1690 811 1746 mitigat.
874 1689 931 1730 Et
964 1690 1101 1730 adhuc
1134 1689 1193 1730 sic
1226 1702 1326 1743 ago,
1358 1691 1462 1728 tam-

105 1765 233 1803 quam
276 1750 418 1790 omnia
463 1749 639 1790 subacta
672 1749 758 1790 sint
790 1750 936 1804 armis,
982 1763 1090 1803 quae
1121 1749 1295 1790 fuerunt
1327 1748 1372 1788 in
1405 1747 1461 1788 di-

106 1809 225 1850 cione
250 1809 391 1851 Darei.
442 1808 699 1863 Hyrcaniam
731 1808 1004 1850 Nabarzanes
1038 1808 1275 1861 occupavit,
1307 1807 1461 1848 Bactra

202 1931 219 1960 1
249 1925 393 1970 Syriam
414 1929 446 1959 1:
469 1925 596 1959 siriam
617 1928 656 1959 A.
732 1924 942 1959 Phoenicen
962 1928 995 1958 1:
1016 1924 1201 1969 phenicen
1221 1926 1260 1957 A.
1335 1924 1462 1956 Arme-

106 1974 205 2007 niam
231 1977 263 2006 1:
293 1973 521 2007 armoe-niam
547 1975 586 2006 A.
698 1976 717 2005 2
744 1972 971 2018 provincias]
998 1971 1208 2016 prouintias
1231 1975 1256 2004 L
1276 1983 1321 2005 m.
1340 1982 1397 2014 pr.
1425 1974 1461 2015 P.

107 2025 126 2054 3
153 2020 234 2066 alii]
263 2020 313 2054 ali
339 2025 364 2054 P
385 2033 428 2055 m.
444 2032 503 2064 pr.
598 2020 791 2065 ceperunt]
820 2021 1022 2063 coeperunt
1047 2023 1119 2053 PV.
1206 2022 1223 2052 7
1252 2019 1406 2063 penates
1427 2021 1460 2051 1:

105 2072 283 2112 poenates
297 2071 326 2101 A
412 2072 431 2101 ¹.)
453 2068 577 2113 parta]
592 2069 701 2111 porta
714 2071 739 2099 P
752 2078 867 2110 impr.
939 2071 980 2101 12
1002 2066 1202 2112 possessio]
1217 2065 1409 2110 pospessio
1424 2069 1462 2100 F.

109 2119 150 2149 13
176 2115 349 2160 imperio]
371 2126 437 2150 om.
457 2119 483 2147 P
504 2127 547 2148 m.
568 2126 623 2158 pr.
723 2118 767 2148 14
793 2114 931 2159 rigida]
958 2114 1089 2159 regida
1109 2118 1133 2147 1.
1156 2126 1198 2148 m.
1215 2125 1274 2158 pr.
1297 2117 1321 2146 P
1340 2125 1386 2147 m.
1403 2124 1459 2156 pr.

112 2166 152 2196 15
168 2162 396 2208 mitioribus]
407 2162 623 2196 micioribus
637 2166 673 2195 P.
750 2166 791 2195 17
814 2162 971 2207 statuto]
987 2163 1087 2195 stuto
1102 2165 1137 2195 P.
1215 2164 1258 2195 18
1280 2160 1462 2205 expertia]

108 2210 275 2253 experita
300 2213 325 2242 P
345 2222 389 2244 m.
406 2221 464 2254 pr.
541 2213 583 2243 19
612 2209 779 2254 creditis]
801 2209 976 2242 credisstis
997 2213 1032 2243 P.
1114 2212 1159 2242 20
1185 2219 1271 2243 now,
1296 2207 1462 2241 moribus

110 2257 249 2291 Lauer:
273 2257 436 2291 moribus
457 2260 496 2290 A.
572 2261 613 2290 *21
637 2256 873 2302 commercio]
901 2256 1118 2290 commertio
1138 2259 1278 2289 FLPV.
1356 2258 1399 2288 *23
1427 2256 1464 2288 et

112 2304 278 2338 Moesius:
301 2304 366 2338 sed
385 2307 425 2338 A.
494 2307 538 2337 24
557 2303 661 2349 feris]
682 2303 794 2337 feri*s
814 2307 850 2337 P.
926 2307 970 2337 28
992 2303 1234 2348 Hyrcaniam]
1255 2302 1462 2336 hircaniam

108 2353 211 2384 BLP.
294 2350 530 2384 Nabarzanes
557 2355 589 2384 1:
617 2350 825 2384 nabazanes
853 2354 891 2384 A.
973 2350 1124 2395 Bactra]
1151 2349 1307 2384 baethra
1327 2352 1462 2382 FLPV.
