1610 2522
370 117 705 152 HISTORIARUM
732 117 1016 151 ALEXANDRI
1043 116 1137 158 vm,
1165 121 1196 150 2.
1377 117 1462 156 259

109 228 247 269 solum
280 228 425 281 aequis
459 226 593 269 oculis
627 227 766 268 videre
798 240 885 267 non
917 226 1087 279 poterit.
1150 225 1207 266 Et
1240 239 1337 280 ego,
1383 240 1462 266 ser-

108 290 303 329 vatorum
333 301 523 328 meorum
551 286 672 340 latro,
705 288 891 327 revertar
918 286 961 326 in
988 285 1182 339 patriam,
1215 288 1263 325 ut
1289 300 1341 325 ne
1368 285 1463 325 dex-

108 350 240 388 teram
284 346 453 400 quidem
495 345 651 387 nutrici
694 346 784 387 sine
826 346 1031 386 memoria
1075 343 1329 386 calamitatis
1374 345 1463 385 eius

109 407 260 448 offerre
291 405 485 460 possim?
519 405 577 446 Et
608 419 704 446 cum
732 405 829 445 finis
855 404 1042 446 lacrimis
1070 405 1353 458 querellisque
1379 419 1464 444 non
1494 415 1535 444 10

73 482 87 507 5
108 466 243 515 fieret,
291 466 409 506 iussu
453 465 685 506 amicorum
720 478 873 518 corpus
905 464 1096 504 ablatum
1130 466 1204 505 est.
1268 463 1359 504 Rex
1394 464 1464 504 tri-

111 526 238 566 duum
280 526 408 566 iacuit
448 524 643 565 inclusus.
709 523 842 573 Quem
876 527 923 564 ut
955 523 1154 578 armigeri
1188 523 1464 577 corporisque
1493 534 1532 563 11

109 584 305 626 custodes
348 584 400 625 ad
443 584 707 625 moriendum
742 583 1005 624 obstinatum
1039 598 1129 623 esse
1161 586 1465 637 cognoverunt,

109 644 296 685 universi
335 645 376 685 111
419 643 741 685 tabernaculum
785 643 1034 696 inrumpunt
1077 642 1233 696 diuque
1266 642 1464 697 precibus

110 705 298 757 ipsorum
332 704 587 745 reluctatum
621 717 745 758 aegre
778 703 986 752 vicerunt,
1031 706 1079 742 ut
1111 702 1253 744 cibum
1287 705 1463 756 caperet.

57 780 89 805 ιο
109 762 287 818 Quoque
320 763 460 803 minus
493 762 630 803 caedis
663 761 854 816 puderet,
886 763 975 803 iure
1006 762 1277 803 interfectum
1305 760 1463 802 Clitum
1494 773 1535 803 12

109 823 359 864 Macedones
392 822 635 875 decernunt,
668 822 887 875 sepultura
920 836 1088 876 quoque
1118 821 1390 876 prohibituri,
1421 822 1465 862 ni

109 897 181 924 rex
214 882 382 924 humari
417 882 620 923 iussisset.

70 945 88 980 7
200 941 338 997 Igitur
367 953 396 982 x
423 941 572 982 diebus
599 940 783 981 maxime
815 941 868 981 ad
895 939 1232 981 confirmandum
1259 940 1463 994 pudorem
1494 951 1536 981 13

110 1002 221 1056 apud
253 1000 507 1042 Maracanda
545 1000 807 1055 consumptis
849 1014 944 1041 cum
986 1002 1106 1054 parte
1139 1000 1349 1041 exercitus
1383 999 1464 1040 He-

57 1077 88 1102 15
108 1062 402 1115 phaestionem
437 1061 480 1101 in
513 1060 728 1116 regionem
755 1060 1024 1101 Bactrianam
1058 1059 1176 1099 misit
1203 1062 1465 1100 commeatus

111 1121 154 1161 in
192 1120 373 1161 hiemem
412 1122 672 1174 paraturum.
737 1118 871 1168 Quam
906 1118 1018 1160 Clito
1052 1122 1149 1159 ante
1182 1118 1467 1160 destinaverat
1495 1131 1537 1159 14

111 1180 392 1234 provinciam,
448 1179 661 1233 Amyntae
703 1179 835 1220 dedit:
887 1179 976 1232 ipse
1021 1178 1218 1232 Xenippa
1261 1179 1464 1233 pervenit.

111 1239 311 1294 Scythiae
357 1239 535 1281 confinis
582 1242 645 1279 est
690 1239 806 1293 regio
846 1238 1150 1291 habitaturque
1189 1238 1385 1291 pluribus
1417 1253 1466 1279 ac

110 1299 403 1353 frequentibus
441 1298 565 1351 vicis,
611 1298 709 1352 quia
751 1298 921 1339 ubertas
954 1301 1090 1338 terrae
1123 1312 1209 1337 non
1243 1298 1465 1353 indigenas

57 1375 90 1400 ρο
110 1359 235 1400 111οά0
263 1358 434 1412 detinet,
468 1358 539 1399 sed
566 1359 692 1399 etiam
720 1357 901 1398 advenas
929 1358 1092 1398 invitat.
1141 1357 1465 1398 Bactrianorum
1495 1370 1536 1399 15

111 1420 299 1472 exulum,
344 1418 418 1471 qui
463 1417 514 1458 ab
558 1417 801 1458 Alexandro
847 1417 1104 1465 defecerant,
1150 1417 1466 1471 receptaculum

110 1478 264 1519 fuerat:
299 1478 382 1530 sed,
414 1480 640 1531 postquam
673 1491 815 1532 regem
849 1476 1074 1518 adventare
1107 1479 1358 1529 conpertum
1392 1480 1467 1529 est,

110 1537 225 1591 pulsi
257 1537 308 1578 ab
342 1537 492 1577 incolis
525 1548 558 1577 ΙΙ
590 1536 708 1577 milia
740 1537 830 1577 fere
859 1539 900 1577 et
933 1548 963 1576 D
997 1539 1323 1590 congregantur.
1370 1534 1468 1577 Om-
1496 1548 1536 1577 16

110 1611 183 1637 nes
216 1596 380 1650 equites
407 1599 526 1636 erant
553 1596 680 1637 etiam
706 1596 750 1636 in
776 1610 879 1650 pace
904 1595 1140 1636 latrociniis
1166 1595 1348 1637 adsueti:
1375 1598 1467 1636 tum

57 1673 89 1697 -25
110 1656 270 1697 ferocia
312 1655 482 1710 ingenia
524 1670 611 1697 non
654 1655 813 1696 bellum
858 1655 1002 1708 modo,
1048 1654 1120 1696 sed
1160 1655 1286 1696 etiam
1319 1655 1467 1696 veniae

113 1716 350 1769 desperatio
372 1715 628 1756 efferaverat.
661 1714 811 1768 Itaque
838 1729 889 1755 ex
909 1714 1127 1768 inproviso
1149 1714 1287 1755 adorti
1308 1714 1467 1768 Amyn-

111 1777 196 1828 tan,
222 1777 459 1829 praetorem
482 1774 725 1827 Alexandri,
752 1774 825 1815 diu
851 1788 1004 1827 anceps
1031 1772 1240 1827 proelium
1261 1774 1466 1815 fecerant:

207 1954 228 1984 4
255 1949 401 1995 offerre]
435 1949 558 1984 offerri
583 1953 645 1983 PV
672 1962 716 1984 m.
739 1962 797 1994 pr.
948 1954 989 1983 10
1018 1948 1156 1984 Clitum
1182 1953 1215 1983 1:
1253 1949 1394 1992 clytum
1426 1952 1466 1983 A.

114 2002 155 2032 11
183 1998 424 2043 prohibituri]
458 1997 657 2042 proibituri
683 2001 720 2031 V.
853 1997 1049 2043 pudorem]
1081 1997 1261 2041 puderem
1287 2000 1313 2030 B
1342 2010 1384 2031 m.
1407 2009 1465 2041 pr.

114 2049 157 2079 14
184 2045 500 2089 Hephaestionem
528 2046 681 2090 Cospus:
725 2045 980 2088 ephestionem
1010 2048 1038 2077 A
1071 2045 1344 2090 [ephertiouem
1370 2049 1395 2077 L
1423 2057 1465 2078 m.

107 2104 166 2136 pr.
187 2093 243 2138 V].
356 2097 398 2127 15
425 2092 543 2138 misit]
572 2092 757 2126 commisit
782 2096 818 2127 P.
919 2097 961 2127 16
989 2092 1146 2126 hiemen]
1173 2096 1207 2126 1:
1235 2091 1406 2136 hyemem
1433 2096 1465 2134 C,

113 2150 257 2185 gemem
282 2144 318 2175 P.
424 2138 518 2174 Clito
545 2144 576 2173 1:
605 2140 705 2183 clyto
732 2143 771 2174 A.
877 2142 963 2174 ante
990 2140 1244 2175 Eberhardus:
1274 2142 1399 2173 autem
1426 2142 1466 2173 A.

116 2191 155 2220 17
183 2188 428 2233 provinciam]
455 2188 683 2231 prouintiam
710 2190 735 2220 B
756 2199 801 2221 m.
817 2199 876 2232 pr.
897 2191 969 2221 FL.
1074 2187 1275 2232 Amyntae]
1303 2187 1466 2221 amintae

113 2238 254 2268 FLPV.
355 2239 397 2269 18
425 2234 615 2280 Scythiae]
643 2234 802 2269 scithiae
822 2238 959 2269 BFLP.
1058 2234 1341 2280 habitaturque]
1362 2234 1466 2268 habi-

112 2283 288 2325 tatusque
313 2286 348 2316 P.
448 2286 491 2315 23
519 2295 545 2316 11
572 2282 691 2327 milia]
718 2296 744 2316 11
773 2286 804 2316 C.
905 2286 948 2316 26
977 2281 1210 2328 efferaverat]
1238 2282 1417 2316 effeuerat
1442 2285 1467 2314 P

112 2341 158 2363 m.
176 2340 232 2373 pr.
332 2331 522 2372 Amyntan
544 2331 744 2364 Kinche'us:
773 2330 940 2363 amintan
960 2333 997 2371 P,
1025 2330 1202 2363 amintam
1232 2333 1253 2362 c
1280 2329 1464 2375 [amittam

114 2381 140 2409 F
164 2388 205 2410 m.
226 2377 311 2422 pr]

1187 2436 1254 2469 ιτ*
