1610 2522
83 777 115 802 10

86 1074 118 1099 15

86 1371 120 1396 20

89 1669 121 1693 25

421 111 756 147 HISTORIARUM
782 111 1066 146 ALEXANDRI
1095 111 1135 153 V,
1164 115 1194 145 3.
1401 109 1483 152 119

131 224 257 276 ditur,
298 237 383 264 non
428 236 519 263 esse
565 222 710 263 veniae
755 220 907 262 locum.
979 220 1129 274 Itaque
1175 220 1483 274 suppliciorum

133 296 301 337 quoque
340 285 456 323 metu
487 282 673 335 perculsi
711 281 763 322 ad
797 279 1091 334 Sisigambim,
1130 279 1258 320 Darei
1291 282 1485 333 matrem,

133 341 301 384 occulto
340 341 491 383 itinere
524 342 757 396 ignotoque
796 339 991 380 hostibus
1024 339 1221 393 mittunt,
1260 340 1333 392 qui
1373 342 1485 393 pete-

134 404 244 455 rent,
282 403 330 442 ut
369 401 461 456 ipsa
499 415 641 456 regem
682 400 917 455 mitigaret,
954 399 1068 440 haud
1101 399 1258 454 ignari,
1297 399 1486 453 parentis

134 475 226 501 eam
276 460 369 502 loco
421 459 542 515 diligi
595 459 772 513 colique.
845 458 902 499 Et
944 458 1135 499 Medates
1187 459 1344 500 sororis
1396 459 1485 499 eius

134 519 266 560 filiam
299 534 440 561 secum
473 520 748 560 matrimonio
782 518 991 572 iunxerat,
1023 517 1210 559 Dareum
1242 518 1486 573 propinqua

134 580 386 635 cognatione
443 580 706 633 contingens.
793 578 878 619 Diu
930 576 1184 633 Sisigambis
1243 577 1486 632 supplicum

134 639 331 693 precibus
372 639 626 694 repugnavit
668 638 857 679 abnuens
899 637 1240 691 deprecationem
1280 651 1358 691 pro
1401 636 1486 678 illis

136 698 259 753 [non]
311 699 535 740 convenire
586 698 796 750 fortunae,
845 697 889 737 in
941 711 1023 750 qua
1073 699 1196 749 esset,
1248 696 1487 750 adiecitque

138 760 323 799 metuere
356 772 464 811 sese,
501 772 554 798 ne
593 757 767 798 victoris
800 756 1111 811 indulgentiam
1143 756 1362 811 fatigaret,
1402 769 1487 796 sae-

136 817 317 871 piusque
338 818 540 873 cogitare,
565 817 778 870 captivam
801 830 890 857 esse
919 830 962 856 se
983 830 1111 869 quam
1130 816 1322 870 reginam
1344 815 1488 856 fuisse.

136 876 204 918 Ad
248 877 447 918 ultimum
490 877 601 919 victa
642 876 797 917 litteris
837 874 1129 916 Alexandrum
1169 875 1228 915 ita
1267 875 1490 929 deprecata

136 939 213 989 est,
245 939 292 977 ut
326 937 465 990 ipsum
499 939 731 990 excusaret,
765 935 879 989 quod
912 935 1222 990 deprecaretur:
1260 939 1402 989 petere
1436 948 1490 987 se,

140 998 185 1036 ut
218 995 303 1036 illis
337 1010 518 1050 quoque,
558 996 592 1036 si
625 995 783 1048 minus,
823 995 906 1035 sibi
938 995 1195 1050 ignosceret:
1234 1008 1312 1049 pro
1350 1007 1491 1035 neces-

139 1054 249 1096 sario
283 1069 330 1096 ac
362 1055 604 1109 propinquo
638 1069 734 1107 suo,
766 1055 850 1095 iam
883 1068 971 1095 non
1002 1055 1144 1107 hoste,
1183 1054 1256 1095 sed
1288 1054 1492 1108 supplice,

138 1117 304 1156 tantum
349 1115 481 1156 vitam
518 1115 691 1168 precari.
760 1113 1098 1155 Moderationem
1137 1113 1492 1166 clementiamque

138 1175 269 1230 regiS,
309 1189 415 1228 quae
448 1177 549 1215 tunc
580 1174 680 1226 fuit,
720 1174 789 1215 vel
827 1188 910 1214 una
942 1173 1047 1214 haec
1085 1187 1151 1214 res
1184 1173 1322 1227 possit
1355 1175 1493 1214 osten-

139 1234 253 1274 dere:
294 1248 380 1275 non
406 1233 566 1274 Medati
593 1233 719 1274 modo
753 1233 931 1288 ignovit,
964 1233 1037 1274 sed
1071 1247 1216 1274 omnes
1251 1235 1292 1274 et
1325 1232 1491 1273 deditos

141 1297 182 1334 et
225 1294 416 1347 captivos
461 1292 541 1348 [et]
586 1293 782 1334 libertate
834 1295 959 1346 atque
1004 1292 1258 1333 inmunitate
1309 1292 1495 1343 donavit,

140 1353 287 1394 urbem
333 1353 507 1406 reliquit
554 1353 776 1405 intactam,
825 1366 948 1407 agros
1004 1353 1093 1392 sine
1144 1351 1308 1392 tributo
1357 1351 1493 1392 colere

140 1412 342 1466 permisit.
414 1412 454 1453 A
498 1412 657 1453 victore
702 1411 841 1452 Dareo
891 1411 1015 1465 plura
1065 1414 1200 1452 mater
1249 1426 1336 1452 non
1381 1412 1495 1464 inpe-

141 1475 301 1514 trasset.

231 1530 439 1572 Uxiorum
476 1530 574 1571 dein
606 1534 775 1586 gentem
809 1530 1027 1571 subactam
1056 1528 1333 1571 Susianorum
1367 1532 1496 1570 satra-

143 1605 219 1644 pae
247 1590 480 1631 contribuit
508 1590 742 1643 divisisque
776 1603 871 1630 cum
897 1589 1177 1631 Parmenione
1205 1589 1339 1643 copiis
1373 1588 1495 1629 illum

144 1650 370 1703 campestri
408 1650 558 1690 itinere
596 1649 822 1703 procedere
855 1649 992 1702 iubet,
1032 1650 1122 1702 ipse
1162 1664 1259 1691 cum
1298 1648 1495 1702 expedito

142 1710 310 1764 agmine
337 1710 484 1764 iugum
512 1709 724 1750 montium
756 1709 880 1763 cepit,
913 1723 1093 1762 quorum
1120 1711 1372 1762 perpetuum
1405 1707 1498 1748 dor-

142 1783 235 1809 sum
271 1769 314 1809 in
340 1768 557 1809 Persidem
591 1769 788 1809 excurrit.
852 1766 979 1808 Omni
1012 1768 1092 1810 hac
1124 1768 1297 1823 regione
1330 1770 1496 1808 vastata

144 1829 269 1869 tertio
297 1828 363 1868 die
390 1828 620 1880 Persidem,
654 1828 803 1881 quinto
831 1827 1064 1882 angustias,
1097 1841 1201 1881 quas
1232 1826 1295 1867 illi
1323 1825 1496 1868 Susidas

145 1888 264 1941 pylas
291 1890 456 1942 vocant,
489 1888 630 1928 intrat.
693 1885 1001 1928 Ariobarzanes
1034 1887 1111 1928 has
1139 1901 1234 1927 cum
1262 1898 1356 1926 XXV
1388 1885 1498 1926 mili-

242 2044 261 2073 5
288 2039 384 2084 loco]
412 2050 557 2084 quoque
584 2043 620 2073 P.
696 2043 714 2072 6
742 2039 929 2084 iunxerat]
956 2040 1112 2072 unxerat
1137 2042 1162 2071 P
1185 2051 1226 2073 m.
1245 2050 1302 2082 pr.
1380 2042 1398 2072 9
1427 2049 1499 2072 non

145 2088 211 2122 del.
233 2088 515 2122 Freinshemius.
596 2086 808 2130 adiecitque
828 2090 860 2120 1:
889 2086 1078 2130 adicitque
1099 2089 1137 2120 A.
1221 2089 1263 2120 10
1290 2086 1351 2131 ne]
1379 2097 1444 2120 nee
1467 2090 1499 2119 C.

149 2139 191 2168 15
218 2134 339 2180 hoste]
365 2135 490 2169 hostes
516 2138 541 2168 P
562 2146 606 2168 m.
622 2146 681 2179 pr.
800 2137 841 2167 17
868 2145 926 2168 res
953 2134 1087 2179 possit]
1120 2133 1306 2177 responsit
1333 2136 1358 2166 B
1380 2145 1422 2167 m.
1439 2145 1498 2177 pr.

146 2186 220 2216 LV.
295 2182 503 2227 ostendere]
525 2182 735 2216 ostenderet
755 2185 780 2214 P
808 2193 850 2215 m.
868 2193 925 2225 pr.
1002 2185 1044 2215 19
1073 2182 1140 2226 [et]
1167 2181 1343 2214 libertate
1364 2181 1499 2215 Lauer.

149 2232 192 2263 20
219 2230 342 2275 agros]
370 2241 458 2274 agro
485 2233 511 2262 B
534 2242 575 2263 m.
591 2241 650 2273 pr.
757 2228 890 2274 colere]
919 2228 1039 2262 colore
1064 2232 1104 2262 V.
1211 2232 1254 2262 ‘24
1281 2227 1499 2272 divisisque]

147 2277 351 2321 diuisitque
372 2281 397 2310 P
419 2289 461 2311 m.
477 2289 536 2321 pr.
610 2276 869 2322 Parmenione]
890 2276 1152 2319 parmoenione
1173 2280 1205 2309 C.
1282 2279 1324 2309 26
1347 2275 1445 2319 cepit
1466 2279 1499 2308 1:

149 2324 271 2367 coepit
304 2328 342 2357 A.
478 2328 520 2358 29
556 2323 662 2368 pylas
691 2323 827 2358 Aldus:
866 2323 961 2367 pilas
998 2327 1037 2357 A.
1178 2336 1248 2357 xxv
1281 2322 1431 2357 milibus
1467 2326 1499 2355 1:

149 2375 221 2406 xTv
236 2385 255 2405 B
276 2375 314 2405 A.

1517 588 1558 618 13

1521 886 1562 916 14

1522 1124 1562 1153 15

1525 1539 1566 1569 15
