1610 2522
361 73 694 109 HISTORLfflUM
720 73 1004 108 ALEXANDRI
1031 73 1089 116 VI,
1117 78 1147 107 3.
1170 77 1199 108 4.
1379 73 1458 114 161

104 198 251 225 corum
285 183 410 225 urbes
444 186 517 224 aut
546 182 873 237 Hellespontum
908 185 1072 224 vastare
1105 183 1347 224 nuntiatum
1383 184 1462 223 erit

106 243 240 297 vobis⁷
279 258 362 297 quo
397 243 541 284 dolore
574 242 831 286 adficiemini
863 242 1043 283 Bessum
1077 242 1266 296 praemia
1298 245 1462 283 vestrae

105 302 377 357 occupavisse
422 302 653 344 victoriae?
703 301 824 342 Tunc
868 302 919 342 ad
958 302 1208 356 repetendas
1249 317 1314 343 res
1348 301 1464 342 festi-

105 362 282 415 nabitis‚
329 365 429 403 tunc
474 376 589 403 arma
635 362 822 416 capietis.
886 360 1053 410 Quanto
1093 363 1235 402 autem
1275 364 1463 415 praestat

68 421 299 464 5territu1n
345 422 481 463 adhuc
527 425 567 463 et
611 421 682 462 vix
724 421 879 462 mentis
912 435 1010 461 suae
1043 423 1287 475 compotem
1321 421 1463 475 oppri-

105 481 235 521 mere!
300 480 532 530 Quadridui
564 481 687 522 nobis
720 481 801 521 iter
840 483 1049 534 superest,
1092 480 1164 534 qui
1197 482 1263 521 tot
1295 482 1460 535 procul-
1493 492 1536 521 lc

106 541 295 581 cavimus
334 540 470 594 nives,
516 543 580 582 tot
615 554 760 581 amnes
794 540 1106 594 superavimus,
1151 542 1216 580 tot
1249 540 1461 580 montium

105 600 206 655 iuga
226 600 620 641 transcucurrimus.
672 599 772 641 Non
796 614 910 640 mare
932 599 1051 653 illud,
1074 599 1190 653 quod
1211 602 1462 640 exaestuans

105 659 186 700 iter
218 659 418 700 fluctibus
445 662 635 713 occupat,
668 662 814 699 euntes
840 673 919 700 nos
946 662 1150 713 moratur,
1181 673 1268 700 non
1290 658 1463 700 Ciliciae

51 735 85 760 10
105 719 246 760 fauces
292 722 334 760 et
373 718 593 774 angustiae
636 718 875 759 includunt:
921 719 1048 772 plana
1081 718 1224 759 omnia
1256 721 1298 758 et
1330 732 1465 772 prona

106 781 214 819 sunt.
278 777 326 818 Iu
373 778 464 833 ipso
510 778 657 820 limine
702 777 905 818 victoriae
939 781 1111 819 stamus,
1176 777 1306 819 Pauci
1338 778 1534 820 110111517

104 837 277 892 fugitivi
322 841 364 878 et
403 837 564 879 domini
603 837 667 878 sui
702 837 994 879 interfectores
1027 840 1267 892 supersunt.
1332 837 1462 893 Egre*

105 897 240 951 ginni,
274 897 530 949 mehercule,
574 911 682 951 opus
715 899 757 938 et
790 896 901 937 inter
932 897 1072 951 prima
1105 896 1265 951 gloriae
1298 900 1462 938 vestrae

103 956 413 998 numerandum
465 957 706 1010 posteritati
758 956 980 1010 famaeque
1031 957 1225 1010 tradetis,
1277 956 1462 997 Dareum

50 1032 83 1058 15
105 1030 275 1069 quoque
319 1016 487 1057 hostem
533 1016 654 1056 finito
699 1019 798 1069 post
835 1018 1015 1057 mortem
1049 1015 1165 1057 illius
1200 1015 1297 1057 odio
1331 1016 1462 1070 parri-

105 1075 220 1116 cidae
253 1077 373 1117 caede
406 1090 494 1116 esse
528 1090 602 1116 vos
636 1077 768 1129 ultos‚
800 1075 1015 1116 neminem
1049 1075 1228 1129 impium
1262 1076 1463 1131 effugisse

104 1138 267 1176 vestras
300 1150 461 1176 manus.
513 1134 608 1176 Hoc
639 1136 885 1190 perpetrato
919 1137 1080 1188 quanto
1114 1135 1287 1176 creditis
1314 1134 1463 1176 Persas
1493 1146 1535 1177 18

105 1194 454 1248 obsequentiores
481 1194 584 1247 fore,
611 1208 707 1235 cum
736 1194 1023 1236 intellexerint
1050 1209 1126 1235 vos
1153 1195 1223 1248 pia
1242 1194 1355 1235 bella
1376 1210 1463 1235 sus-

105 1254 244 1308 cipere
277 1257 319 1294 et
349 1253 471 1295 Bessi
506 1254 667 1307 sceleri,
699 1269 785 1295 non
817 1253 980 1294 nomini
1014 1269 1090 1295 suo
1124 1254 1293 1294 irasciP'

34 1316 83 1352 10
194 1312 369 1354 Summa
413 1313 599 1355 militum
638 1313 858 1354 alacritate
891 1313 1147 1367 iubentium,
1194 1328 1462 1367 quocumque
1483 1318 1551 1352 ΗΠ

51 1390 84 1415 21
105 1374 250 1426 vellet,
295 1372 445 1414 ducere
490 1372 626 1413 oratio
672 1375 848 1427 excepta
887 1375 960 1413 est.
1030 1372 1119 1414 Nec
1160 1387 1233 1413 rex
1272 1376 1465 1414 moratur
1491 1385 1510 1414 2

104 1432 311 1485 impetum
356 1432 569 1486 tertioque
613 1446 689 1486 per
721 1431 980 1473 Parthienen
1025 1432 1091 1472 die
1131 1431 1183 1472 ad
1215 1433 1321 1473 fines
1354 1431 1464 1487 Hyr-

107 1491 249 1532 caniae
281 1494 475 1545 penetrat
510 1490 684 1532 Cratero
718 1491 865 1532 relicto
899 1506 994 1532 cum
1028 1491 1079 1531 iis
1112 1491 1264 1546 copiiS‚
1307 1491 1463 1545 quibus

105 1553 312 1604 praeerat,
344 1554 386 1591 et
418 1565 462 1591 ea
498 1565 638 1604 manu,
680 1566 807 1604 quam
840 1550 1051 1604 Amyntas
1084 1551 1276 1605 ducebat,
1308 1550 1463 1592 additis

53 1626 86 1652 25
106 1621 168 1650 DC
201 1609 418 1663 equitibus
463 1613 504 1651 et
544 1610 724 1651 totidem
759 1610 1011 1665 sagittariis⁷
1054 1612 1102 1651 ut
1135 1610 1187 1650 ab
1220 1610 1463 1652 incursione

105 1669 385 1710 barbarorum
433 1669 691 1710 Parthienen
742 1672 942 1710 tueretur.
1026 1669 1254 1725 Erigyium
1304 1670 1462 1725 inpedi-
1492 1682 1512 1711 3

204 1768 219 1796 1
249 1763 478 1808 nuntiatum]
506 1763 724 1796 nunciatum
743 1766 782 1797 V.
901 1768 920 1795 6
948 1762 1174 1808 Quadridui]
1207 1763 1398 1806 quatridui
1432 1767 1463 1796 C.

109 1814 126 1843 7
154 1811 352 1856 montium]
373 1809 561 1844 moncium
580 1814 619 1844 V.
714 1813 734 1844 8
760 1810 1113 1856 transcucurrimus]
1133 1810 1419 1845 transcurrimus
1440 1814 1465 1843 P

107 1870 151 1892 m.
167 1869 226 1902 pr.
315 1858 430 1903 quod]
452 1868 523 1901 quo
538 1861 573 1891 P.
666 1861 708 1891 10
728 1857 871 1903 fauces]
888 1857 1008 1892 fasces
1028 1861 1054 1890 P
1068 1870 1113 1892 m.
1130 1869 1188 1902 pr.
1278 1862 1320 1892 14
1340 1860 1464 1902 poste-

107 1905 229 1951 ritati]
261 1905 480 1950 posteritate
508 1909 533 1937 P
562 1918 604 1939 m.
626 1917 684 1949 pr.
787 1910 828 1938 15
857 1905 958 1950 odio]
985 1905 1098 1939 hodio
1118 1909 1154 1939 P.
1254 1906 1463 1949 parricidae

107 1953 236 1987 caede
270 1953 477 1988 Bentleius:
518 1952 723 1996 parricidas
751 1956 789 1986 A.
916 1956 957 1986 18
990 1952 1085 1998 fore]
1117 1952 1213 1987 forte
1239 1956 1266 1986 F
1292 1965 1336 1987 m.
1357 1964 1416 1997 pr.
1439 1957 1464 1986 L

107 2011 152 2034 m.
170 2012 228 2044 pr.
249 2003 288 2033 V.
374 2000 577 2046 suscipere]
605 2001 790 2044 suspicere
811 2004 850 2035 V.
932 2003 976 2033 20
1002 2000 1211 2034 iubentium
1239 2000 1462 2035 Frobem'us:

108 2047 348 2081 subeuntium
375 2051 403 2080 A
430 2047 690 2094 [subeuncium
715 2048 771 2094 V].
872 2051 913 2081 21
943 2047 1093 2093 ducere]
1121 2047 1274 2082 duceret
1296 2051 1323 2080 F
1342 2060 1386 2081 m.
1403 2060 1462 2092 pr.

108 2099 132 2127 P
155 2107 197 2129 m.
212 2107 272 2139 pr.
379 2097 546 2129 moratur
570 2096 716 2139 scripsi:
755 2096 921 2129 moratus
947 2098 986 2128 A.
1099 2099 1141 2129 22
1170 2094 1355 2138 tertioque
1381 2096 1463 2140 per]

108 2142 219 2176 tertio
246 2146 316 2186 que
343 2147 368 2176 P
391 2155 433 2176 m.
452 2154 506 2186 pr.
612 2142 855 2188 Parthienen]
881 2142 1077 2186 partienen
1104 2147 1136 2177 c.
1235 2142 1462 2187 Hyrcaniae]

110 2189 299 2223 hircaniae
327 2194 358 2223 C.
459 2193 501 2223 23
529 2190 574 2224 iis
600 2193 642 2224 P:
669 2190 727 2224 his
754 2195 776 2223 C
803 2189 850 2235 [is
876 2190 930 2235 Β].
1030 2194 1074 2225 24
1101 2201 1145 2224 ea
1172 2190 1461 2225 Freinshemius:

111 2246 155 2270 ex
175 2240 213 2270 A.
289 2238 485 2283 Amyntas]
507 2238 666 2271 amintas
687 2242 719 2271 Ο.
796 2242 839 2272 25
861 2238 922 2283 Dc]
943 2241 988 2271 n—c*
1009 2242 1044 2271 P.
1121 2241 1163 2271 26
1186 2237 1411 2271 Parthienen
1429 2242 1461 2272 1:

110 2284 303 2327 partienen
325 2289 357 2325 c,
378 2285 607 2328 pai-theenen
633 2289 658 2318 P
681 2297 722 2318 m.
738 2296 797 2329 pr.
884 2285 1078 2329 Erigyium
1098 2286 1324 2320 Frobenius:
1352 2284 1463 2328 phry-

111 2342 200 2375 gum
225 2335 262 2373 P,
288 2331 462 2376 phrigum
488 2335 568 2373 BV,
595 2332 770 2376 prhigum
796 2336 832 2375 L7
859 2332 998 2377 frigum
1024 2336 1060 2366 F.

184 2396 321 2422 orm-ms
341 2397 447 2423 Rrrtss
469 2398 512 2422 ed.
534 2397 713 2423 Hedicke.
752 2398 806 2422 Ed.
828 2398 931 2422 maior.
1208 2396 1248 2425 11
