1610 2522
115 470 154 499 13

113 768 153 797 14

113 887 152 917 15

111 1125 152 1155 143

112 1423 151 1452 17

111 1661 152 1691 18

184 52 208 86 S
681 53 720 92 Q.
748 50 887 84 ‹vn'rl
920 49 1027 84 lwi‘l

135 174 152 201 ι’
183 160 345 207 dixero,
385 160 488 201 alias
527 159 785 214 nequiquam
826 159 1070 201 confitebor.
1135 158 1215 201 Hic
1257 159 1364 200 tanti
1403 174 1529 214 appa-

181 223 296 261 ratus
339 220 565 267 exercitus,
608 219 709 261 baec
749 223 814 260 tot
851 219 1041 271 gentium
1089 221 1131 259 et
1171 219 1303 260 totius
1343 218 1528 261 Orientis

181 280 320 321 excita
361 279 530 320 sedibus
570 279 657 319 suis
698 279 829 319 moles
868 278 1060 319 finitimis
1100 281 1238 332 potest
1282 293 1371 320 esse
1410 279 1528 319 terri-

184 339 297 380 bilis:
331 339 438 380 nitet
467 352 655 393 purpura
681 352 882 392 auroque,
915 337 1051 393 fulget
1077 339 1206 378 armis
1233 341 1274 379 01
1301 337 1530 392 opulentia,

182 401 403 453 quantam,
443 399 515 452 qui
557 397 691 439 oculis
730 412 816 439 11011
849 397 1081 451 subiecere,
1122 397 1275 438 animis
1308 398 1529 452 concipere
1567 415 1582 439 5

182 473 266 499 non
299 461 491 512 possunt.
525 456 606 498 Sed
639 456 917 499 Macedonum
953 457 1075 510 acies,
1112 459 1231 498 torva
1265 471 1363 498 sane
1397 459 1438 498 et
1469 457 1529 498 in-

182 518 313 566 culta,
356 517 502 571 clipeis
541 517 761 570 hastisque
795 516 1034 558 immobiles
1074 530 1227 557 cuneos
1267 519 1307 558 et
1340 516 1531 558 conferta

182 577 335 618 robora
362 577 549 618 virorum
578 576 695 631 tegit.
748 574 833 630 Ipsi
863 575 1114 631 phalangem
1148 578 1311 629 vocant,
1337 575 1527 630 peditum

182 636 334 678 stabile
381 651 549 691 agmen:
596 636 660 676 vir
705 636 808 686 viro,
853 636 980 676 armis
1025 650 1139 676 arma
1183 638 1375 677 conserta
1420 638 1528 677 sunt.

182 696 248 737 Ad
276 699 428 737 nutum
448 695 661 737 monentis
688 695 840 736 intenti
863 695 981 749 sequi
1009 696 1142 750 signa,
1169 694 1336 737 ordines
1364 709 1529 737 servare
1552 712 1584 738 10

183 756 437 797 didicerunt:
478 755 590 809 quod
631 755 882 810 imperatur,
924 768 1070 796 01111168
1104 754 1346 796 exaudiunt.
1411 753 1529 796 Obsi-

183 818 312 868 stere,
344 815 585 865 circumire,
618 814 850 856 discurrere
884 815 926 855 in
959 828 1108 866 cornu,
1147 818 1310 855 mutare
1342 829 1528 870 pugnam

182 890 268 916 non
308 875 432 916 duces
472 873 609 930 magis
649 889 773 928 quam
815 873 971 915 milites
1011 874 1176 915 callent.
1248 872 1312 916 Ac
1349 888 1400 915 ne
1438 874 1530 915 auri

181 935 430 990 argentique
473 934 614 976 studio
656 933 789 975 teneri
832 935 974 988 putes,
1015 933 1150 974 adhuc
1194 932 1265 975 illa
1307 933 1531 988 disciplina

181 997 430 1048 paupertate
464 994 667 1049 magistra
700 993 835 1034 stetit:
874 993 1064 1049 fatigatis
1097 992 1251 1034 humus
1285 992 1421 1034 cubile
1455 995 1530 1045 681,
1551 1009 1583 1035 15

181 1053 317 1106 cibus,
358 1068 482 1108 quem
522 1053 719 1107 occupati
757 1053 947 1107 rapiunt,
986 1053 1128 1102 satiat,
1167 1055 1360 1106 tempora
1391 1052 1527 1094 somni

180 1114 339 1155 artiora
384 1127 510 1167 quam
555 1113 693 1154 noctis
739 1115 848 1154 sunt.
912 1111 1000 1153 Iam
1046 1111 1239 1153 Thessali
1283 1112 1447 1166 equites
1488 1115 1530 1152 et

180 1172 423 1214 Acarnanes
444 1171 683 1226 Aetolique,
710 1172 868 1213 invicta
895 1171 1008 1213 bello
1036 1186 1198 1224 manus,
1218 1171 1373 1224 fundis,
1394 1171 1529 1225 credo,

181 1236 222 1274 61
254 1232 388 1274 1138118
431 1233 527 1287 igne
561 1232 721 1273 duratis
760 1231 1038 1286 repellentur!
1100 1231 1196 1272 Pari
1230 1231 1382 1273 robore
1422 1245 1528 1286 opus

182 1295 254 1334 est.
319 1292 368 1333 In
401 1292 474 1333 1113
506 1294 629 1345 terra,
662 1307 768 1346 quae
800 1291 878 1332 1108
911 1291 1070 1347 genuit,
1103 1290 1261 1332 auxilia
1293 1290 1528 1345 quaerenda
1550 1307 1583 1332 20

180 1355 296 1393 sunt:
343 1355 566 1407 argentum
613 1351 726 1392 istud
765 1353 892 1405 atque
932 1365 1080 1392 aurum
1119 1350 1170 1391 ad
1209 1349 1529 1392 conducendum

182 1412 362 1453 militem
395 1411 545 1452 mitte’.
608 1411 712 1452 Erat
751 1410 890 1452 Dareo
930 1411 1031 1452 mite
1070 1423 1118 1451 ac
1156 1409 1377 1451 tractabile
1415 1410 1529 1466 inge-

180 1472 310 1522 nium,
352 1471 433 1512 nisi
468 1471 594 1512 6113111
628 1473 822 1511 1131111311]
859 1469 1107 1524 plerumque
1140 1470 1311 1511 fortuna
1343 1482 1529 1511 corrum-

180 1533 309 1586 peret.
361 1529 510 1584 Itaque
531 1530 724 1571 veritatis
746 1530 958 1585 inpatiens
979 1529 1191 1583 hospitem
1213 1544 1263 1571 ac
1283 1528 1530 1583 supplicem,

180 1594 282 1632 tunc
315 1604 410 1631 cum
437 1590 621 1631 maxime
654 1589 775 1631 utilia
809 1589 1067 1641 suadentem,
1101 1588 1288 1630 abstrahi
1316 1588 1440 1630 iussit
1477 1588 1529 1629 ad
1549 1604 1582 1630 25

181 1650 362 1704 capitale
404 1649 672 1704 supplicium.
750 1647 827 1690 Ille
870 1664 920 1690 ne
964 1651 1055 1689 tum
1101 1648 1270 1702 quidem
1315 1647 1526 1689 libertatis

180 1709 358 1751 oblitus:
385 1708 578 1762 ‘Habeo’‚
601 1708 752 1763 inquit,
779 1708 987 1762 ‘paratum
1010 1708 1159 1749 mortis
1186 1722 1301 1748 meae
1327 1707 1527 1748 ultorem:

180 1772 347 1824 expetet
374 1783 531 1824 poenas
560 1768 727 1810 consilii
755 1768 834 1809 mei
865 1767 997 1822 spreti
1030 1767 1064 1809 is
1093 1767 1194 1821 ipse,
1227 1769 1375 1808 contra
1401 1781 1525 1821 quem

181 1828 257 1870 tibi
311 1829 434 1870 suasi.
516 1827 580 1869 Tu
632 1827 802 1882 quidem
854 1826 1026 1868 licentia
1077 1827 1196 1881 regni
1248 1829 1332 1867 tam
1385 1825 1526 1867 subito

278 1985 292 2014 1
322 1981 548 2024 nequiquam
574 1981 721 2024 scripsi:
749 1979 996 2024 nequicquam
1024 1983 1062 2012 A.
1165 1982 1185 2011 5
1213 1977 1416 2023 subiecere}
1443 1978 1526 2011 sub-

180 2029 275 2063 icere
302 2032 337 2061 P.
451 2033 465 2062 ῖ
495 2028 640 2073 clipeis]
669 2027 810 2072 clypcis
837 2033 868 2060 C.
989 2026 1213 2071 immobiles}
1241 2025 1461 2060 immomiles
1488 2028 1527 2058 V.

181 2083 200 2105 ⁸
229 2076 319 2120 tegit
349 2079 380 2109 1:
409 2078 508 2118 teget
536 2080 574 2109 A.
662 2079 702 2109 10
730 2075 852 2120 signa]
880 2085 995 2120 sagna
1023 2078 1048 2107 P
1077 2086 1192 2118 impr.
1279 2076 1319 2107 12
1348 2073 1527 2119 pugnam]

179 2135 269 2168 quae
294 2129 465 2158 secutztur
497 2125 600 2159 verba
639 2135 747 2168 usquc
777 2123 825 2157 ad
852 2127 870 2165 ἓ
893 2127 933 2156 19
972 2121 1236 2156 vociferantem
1274 2132 1370 2155 nunc
1400 2121 1529 2155 desunt

178 2172 251 2213 fere
278 2172 400 2205 omnia
431 2173 465 2204 in
494 2175 522 2204 V
547 2176 694 2215 propter
714 2175 854 2215 partem
882 2170 966 2212 solii
992 2170 1197 2205 abscissam.
1309 2171 1350 2201 16
1376 2167 1530 2212 rapiunt

178 2219 323 2263 scripsi:
352 2223 484 2263 parant
512 2222 549 2252 A.
640 2223 681 2252 les
710 2217 920 2263 Aetolique]
948 2216 1160 2261 actholique
1187 2219 1224 2250 A.
1327 2218 1367 2249 19
1394 2214 1527 2261 hastis]

179 2267 270 2300 38118
296 2270 363 2299 LP.
471 2272 512 2299 23
540 2266 727 2310 naturam]
754 2268 937 2299 maturam
964 2268 988 2298 P
1017 2278 1058 2299 m.
1077 2276 1133 2308 pr.
1239 2267 1281 2297 ‘27
1310 2262 1446 2309 inquit]
1473 2261 1527 2296 in-

179 2314 267 2358 quid
295 2317 330 2347 P.
431 2318 473 2348 225
502 2313 530 2348 is
556 2317 597 2347 P:
625 2325 690 2348 om.
713 2317 744 2346 c.
