1610 2522
55 234 97 264 22

58 356 76 382 ’.Σ
83 354 102 381 3

30 1060 109 1094 XIll

87 1308 103 1336 l-

125 113 180 150 9ss
630 114 669 150 Q.
698 109 837 142 (ἸΤΗἸἸ
871 108 976 141 mir!

126 222 205 275 cipi
243 221 453 262 exercitus
493 219 572 260 nisi
611 219 745 259 victor
785 219 873 259 sine
907 217 1024 258 clade
1064 232 1146 258 non
1183 219 1334 271 posset.
1401 215 1477 258 Ita-

128 297 207 335 que
266 279 534 320 dissimulato
592 278 733 319 animo
790 278 1124 318 mercennarium
1184 276 1368 331 equitem
1428 291 1476 316 ex

134 341 313 381 Paeonia
341 338 591 393 praecedere
619 337 747 379 iubet.
804 336 902 391 ]pse
924 337 1192 391 phalangem,
1219 336 1328 377 sicut
1356 338 1479 376 antea

130 401 291 441 dietum
320 402 394 451 est,
428 399 467 439 in
497 398 579 439 duo
608 412 767 439 cornua
793 396 1057 437 extenderat:
1092 398 1319 449 utrumque
1347 410 1476 436 cornu

128 460 292 514 equites
324 458 536 513 tegebant.
601 456 774 511 Ianique
808 456 1011 510 liquidior
1053 456 1123 496 lux
1159 456 1347 497 discussa
1381 454 1478 496 cali·
1518 472 1532 497 5

129 520 225 573 gine
276 518 407 560 aciem
458 517 647 559 hostium
701 516 954 569 ostenderat,
1004 519 1045 556 et
1089 514 1340 556 Macedones
1391 514 1478 555 sive

129 574 349 620 alacritate
390 578 477 618 sive
515 576 656 618 taedio
696 575 1004 630 expectat-ionis
1043 575 1257 630 ingentem
1291 588 1482 629 pugnan-

128 639 234 680 tium
275 652 392 679 more
434 636 601 678 edidere
640 637 882 677 clamorem.
952 634 1159 676 Redditus
1199 636 1240 675 et
1278 649 1302 675 a
1339 633 1481 674 Persis

128 712 303 739 nemora
331 696 546 750 vallesque
573 696 866 737 circumiectas
892 694 1072 735 terribili
1103 708 1206 735 sono
1235 692 1482 747 inpleverat,

129 772 204 799 nee
257 757 337 798 iani
386 757 594 797 contineri
639 755 892 796 Macedones
937 756 1152 808 poterant,
1203 753 1305 807 quin
1357 767 1536 795 cursum

131 832 300 872 quoque
342 816 393 856 ad
433 815 600 857 hostem
641 814 956 856 contenderent.
1026 813 1116 855 Rex
1154 812 1306 854 melius
1346 812 1483 853 adhuc

130 880 247 918 ratus
293 877 336 917 in
382 875 528 916 eodem
575 874 740 916 tumulo
787 877 922 915 castra
968 874 1152 926 munire,
1197 871 1357 913 vallum
1404 871 1481 913 iaci

132 936 255 977 iussit
289 938 543 988 strenueque
583 949 708 988 opere
745 934 935 989 perfeeto
976 933 1015 974 in
1050 931 1390 985 tabernaculum,
1431 946 1480 971 ex

133 1011 216 1050 quo
251 998 340 1036 tota
376 995 484 1036 acies
517 994 703 1035 bostium
741 993 1094 1048 conspiciebatur,
1128 992 1311 1033 secessit.

224 1055 332 1096 Tum
386 1069 484 1095 vero
531 1054 727 1095 universa
778 1053 912 1094 futuri
958 1052 1216 1093 discriminis
1262 1051 1389 1092 facies
1442 1051 1482 1090 in
1506 1053 1553 1088 47

133 1115 266 1156 oeulis
300 1117 406 1155 erat:
440 1114 567 1155 armis
595 1113 836 1169 insignibus
869 1113 964 1166 equi
1001 1112 1164 1166 virique
1192 1110 1483 1166 splendebant,
1507 1127 1538 1152 is

133 1179 174 1216 et
225 1175 367 1216 omnia
419 1174 646 1215 intentiore
705 1188 806 1214 cura
855 1171 1097 1227 praeparari
1154 1170 1265 1225 apud
1317 1170 1483 1211 hostem

133 1234 378 1277 sollicitudo
432 1236 676 1288 praetorum
734 1232 904 1287 agmina
961 1246 1036 1272 sua
1087 1229 1484 1285 interequitantium

71 1311 92 1342 .·
133 1294 397 1347 ostendebat,
440 1308 488 1335 ac
527 1294 730 1347 pleraque
770 1292 924 1343 inania,
966 1292 1075 1332 sicut
1113 1290 1309 1331 fremitus
1351 1288 1486 1330 homi-

133 1369 248 1406 num,
275 1367 480 1408 equorum
504 1352 709 1404 hinnitus,
731 1366 943 1393 armorum
969 1349 1310 1392 internitentium
1332 1349 1486 1404 fulgor,
1508 1367 1540 1391 ρο

134 1414 361 1455 sollicitam
413 1412 708 1467 expectatione
759 1413 943 1452 mentem
996 1410 1281 1451 turbaverant.
1350 1407 1488 1461 Igitur

133 1474 221 1514 sive
255 1472 410 1513 dubius
443 1472 573 1513 animi
608 1472 707 1525 sive,
740 1474 787 1512 ut
821 1485 920 1511 suos
954 1470 1228 1524 experiretur,
1260 1468 1484 1510 consilium

134 1532 320 1584 adhibet,
341 1532 443 1586 quid
459 1532 671 1585 optimum
688 1532 804 1572 factu
820 1533 941 1579 esset,
962 1529 1198 1583 exquirens.
1250 1527 1488 1579 Parmenio,

134 1593 418 1647 peritissimus
445 1592 558 1632 inter
584 1591 710 1631 duces
737 1591 889 1631 artium
922 1589 1034 1632 belli.
1059 1589 1187 1641 furto,
1214 1602 1300 1629 non
1326 1586 1487 1642 proelio

135 1667 241 1707 opus
281 1666 372 1692 esse
413 1651 623 1692 censebat.
686 1649 949 1703 Intempesta
987 1652 1110 1690 nocte
1144 1648 1329 1702 opprimi
1363 1661 1487 1701 posse
1509 1666 1541 1690 25

134 1711 296 1752 hostes:
337 1711 544 1752 discordis
578 1709 786 1762 moribus.
826 1709 1002 1764 linguis,
1044 1708 1096 1749 ad
1136 1708 1217 1748 hoc
1256 1721 1405 1747 somno
1448 1708 1490 1747 et

231 1857 250 1886 2
278 1852 400 1886 animo
429 1852 586 1895 Jeepius:
614 1862 656 1885 eo
683 1854 721 1884 A.
804 1853 823 1883 3
852 1849 1010 1884 Paeonia
1041 1848 1267 1883 Franciwm:
1297 1847 1429 1892 poenia
1450 1850 1488 1880 A.

136 1906 155 1932 5
184 1900 350 1945 Ianique]
372 1899 541 1942 Namque
562 1903 597 1932 P.
673 1898 850 1942 liquidior
868 1897 1014 1941 scripsi:
1037 1895 1192 1930 nitidior
1211 1899 1250 1928 A.
1327 1899 1345 1928 6
1367 1897 1489 1929 osten-

137 1949 258 1994 derat]
279 1947 519 1981 hostenderat
534 1951 558 1979 L
582 1959 624 1980 m.
642 1958 698 1990 pr,
780 1949 797 1978 'a'
826 1945 966 1990 taedio]
988 1944 1092 1978 cedio
1106 1947 1131 1977 P
1148 1954 1258 1987 mpr.
1334 1948 1353 1973 8
1375 1942 1490 1987 more]

136 2006 283 2030 moure
304 1999 338 2028 P.
457 1995 475 2027 9
498 1994 670 2039 terribili]
698 1993 825 2027 teri-ibi
847 1997 882 2026 P.
995 1991 1215 2036 inpleverat]
1243 1989 1491 2034 impleuerant

136 2048 161 2077 P
185 2056 224 2077 m.
246 2054 300 2087 pr.
403 2045 445 2075 10
472 2042 661 2086 poterant]
683 2043 831 2085 poterat
850 2044 877 2073 F
899 2052 940 2074 m.
959 2052 1015 2084 pr.
1037 2043 1062 2072 P
1083 2051 1125 2072 m.
1144 2051 1202 2083 pr.
1293 2037 1400 2083 quin]
1427 2037 1490 2081 qui

137 2091 173 2125 in
196 2094 271 2124 Fv.
350 2094 386 2124 11
419 2089 478 2134 ad]
503 2089 549 2123 ab
564 2093 603 2122 V.
681 2089 772 2122 Hm·
791 2088 932 2122 addidi.
1012 2092 1052 2121 14
1074 2085 1240 2131 secessit]
1266 2085 1443 2119 successit
1458 2089 1490 2118 C.

141 2143 180 2172 17
209 2137 424 2182 intentiore]
460 2137 667 2171 intentione
699 2139 738 2169 V.
874 2140 915 2169 1⁴.»
948 2134 1172 2168 ostendebat
1203 2133 1490 2168 Freinshemius:

138 2186 405 2220 ostendebatur
430 2188 469 2218 A.
558 2188 601 2218 20
628 2183 796 2218 hinnitus
824 2187 855 2216 1:
885 2182 1063 2226 hynnitus
1090 2185 1128 2215 A.
1219 2185 1261 2214 ‘21
1291 2180 1491 2214 sollicitam

140 2234 298 2268 Gitona:
326 2232 486 2266 sollicita
508 2235 547 2265 A.
660 2231 810 2276 dubius]
838 2229 1020 2264 debubius
1041 2233 1077 2263 1².
1188 2232 1231 2262 23
1259 2228 1365 2274 quid]
1393 2227 1491 2271 quod

138 2285 164 2314 F
184 2293 228 2315 7η,
248 2293 315 2325 pr..
344 2280 426 2323 quit
451 2284 486 2313 P.
598 2279 796 2323 optimum]
824 2277 1004 2311 obtimum
1033 2280 1170 2310 FLPV.
1282 2275 1492 2319 Parmenio]

138 2329 354 2373 parmoenio
382 2331 451 2361 BL.
528 2331 570 2360 ‘24
598 2325 861 2371 peritissimus]
891 2325 1138 2369 paritissimus
1166 2327 1201 2356 F.
1278 2326 1321 2357 26
1348 2323 1492 2368 somno]

139 2388 280 2410 summo
308 2380 342 2408 L.
