<?xml version="1.0" encoding="UTF-8"?>
<!DOCTYPE html PUBLIC "-//W3C//DTD XHTML 1.0 Transitional//EN"
    "http://www.w3.org/TR/xhtml1/DTD/xhtml1-transitional.dtd">
<html xmlns="http://www.w3.org/1999/xhtml" xml:lang="en" lang="en">
 <head>
  <title>
</title>
<meta http-equiv="Content-Type" content="text/html;charset=utf-8" />
  <meta name='ocr-system' content='tesseract 3.04.00' />
  <meta name='ocr-capabilities' content='ocr_page ocr_carea ocr_par ocr_line ocrx_word'/>
</head>
<body>
  <div class='ocr_page' id='page_1' title='image "./historiaealexand00curtuoft_0310.png"; bbox 0 0 1610 2522; ppageno 0'>
   <div class='ocr_carea' id='block_1_1' title="bbox 75 275 93 302">
    <p class='ocr_par' dir='ltr' id='par_1_1' title="bbox 75 275 93 302">
     <span class='ocr_line' id='line_1_1' title="bbox 75 275 93 302; baseline 0 -5"><span class='ocrx_word' id='word_1_1' title='bbox 75 275 93 302; x_wconf 66' lang='grc' dir='ltr'>ξ)</span> 
     </span>
    </p>
   </div>
   <div class='ocr_carea' id='block_1_2' title="bbox 50 571 92 601">
    <p class='ocr_par' dir='ltr' id='par_1_2' title="bbox 50 571 92 601">
     <span class='ocr_line' id='line_1_2' title="bbox 50 571 92 601; baseline 0.024 -1"><span class='ocrx_word' id='word_1_2' title='bbox 50 571 92 601; x_wconf 92' lang='grc'>10</span> 
     </span>
    </p>
   </div>
   <div class='ocr_carea' id='block_1_3' title="bbox 48 809 87 838">
    <p class='ocr_par' dir='ltr' id='par_1_3' title="bbox 48 809 87 838">
     <span class='ocr_line' id='line_1_3' title="bbox 48 809 87 838; baseline 0 0"><span class='ocrx_word' id='word_1_3' title='bbox 48 809 87 838; x_wconf 95' lang='grc'>11</span> 
     </span>
    </p>
   </div>
   <div class='ocr_carea' id='block_1_4' title="bbox 47 1166 88 1195">
    <p class='ocr_par' dir='ltr' id='par_1_4' title="bbox 47 1166 88 1195">
     <span class='ocr_line' id='line_1_4' title="bbox 47 1166 88 1195; baseline 0 0"><span class='ocrx_word' id='word_1_4' title='bbox 47 1166 88 1195; x_wconf 86' lang='grc'>13</span> 
     </span>
    </p>
   </div>
   <div class='ocr_carea' id='block_1_5' title="bbox 47 1344 88 1373">
    <p class='ocr_par' dir='ltr' id='par_1_5' title="bbox 47 1344 88 1373">
     <span class='ocr_line' id='line_1_5' title="bbox 47 1344 88 1373; baseline 0 0"><span class='ocrx_word' id='word_1_5' title='bbox 47 1344 88 1373; x_wconf 83' lang='grc'>14</span> 
     </span>
    </p>
   </div>
   <div class='ocr_carea' id='block_1_6' title="bbox 50 1583 90 1611">
    <p class='ocr_par' dir='ltr' id='par_1_6' title="bbox 50 1583 90 1611">
     <span class='ocr_line' id='line_1_6' title="bbox 50 1583 90 1611; baseline 0 0"><span class='ocrx_word' id='word_1_6' title='bbox 50 1583 90 1611; x_wconf 73' lang='lat'>15</span> 
     </span>
    </p>
   </div>
   <div class='ocr_carea' id='block_1_7' title="bbox 123 93 978 135">
    <p class='ocr_par' dir='ltr' id='par_1_7' title="bbox 123 93 978 135">
     <span class='ocr_line' id='line_1_7' title="bbox 123 93 978 135; baseline -0.011 0"><span class='ocrx_word' id='word_1_7' title='bbox 123 94 209 135; x_wconf 73' lang='grc'>296</span> <span class='ocrx_word' id='word_1_8' title='bbox 629 98 668 135; x_wconf 74' lang='lat' dir='ltr'>Q.</span> <span class='ocrx_word' id='word_1_9' title='bbox 697 93 837 127; x_wconf 62' lang='lat' dir='ltr'>ctssit&#39;rl</span> <span class='ocrx_word' id='word_1_10' title='bbox 870 93 978 127; x_wconf 57' lang='lat' dir='ltr'>RUFI</span> 
     </span>
    </p>
   </div>
   <div class='ocr_carea' id='block_1_8' title="bbox 114 202 1546 1804">
    <p class='ocr_par' dir='ltr' id='par_1_8' title="bbox 114 202 1546 1804">
     <span class='ocr_line' id='line_1_8' title="bbox 125 202 1477 258; baseline 0.001 -15"><span class='ocrx_word' id='word_1_11' title='bbox 125 217 205 257; x_wconf 89' lang='lat' dir='ltr'>que</span> <span class='ocrx_word' id='word_1_12' title='bbox 238 204 357 257; x_wconf 80' lang='lat' dir='ltr'>fecit,</span> <span class='ocrx_word' id='word_1_13' title='bbox 402 203 490 244; x_wconf 81' lang='lat' dir='ltr'>sive</span> <span class='ocrx_word' id='word_1_14' title='bbox 522 203 660 244; x_wconf 88' lang='lat' dir='ltr'>hostis</span> <span class='ocrx_word' id='word_1_15' title='bbox 693 202 781 243; x_wconf 82' lang='lat' dir='ltr'>sive</span> <span class='ocrx_word' id='word_1_16' title='bbox 814 203 974 243; x_wconf 85' lang='lat' dir='ltr'>amicus</span> <span class='ocrx_word' id='word_1_17' title='bbox 1008 207 1264 258; x_wconf 79' lang='lat' dir='ltr'>occurreret,</span> <span class='ocrx_word' id='word_1_18' title='bbox 1303 204 1369 245; x_wconf 89' lang='lat' dir='ltr'>vel</span> <span class='ocrx_word' id='word_1_19' title='bbox 1403 219 1477 246; x_wconf 87' lang='lat' dir='ltr'>sua</span> 
     </span>
     <span class='ocr_line' id='line_1_9' title="bbox 123 261 1477 319; baseline 0.001 -16"><span class='ocrx_word' id='word_1_20' title='bbox 123 263 280 304; x_wconf 81' lang='lat' dir='ltr'>virtute</span> <span class='ocrx_word' id='word_1_21' title='bbox 314 262 379 303; x_wconf 90' lang='lat' dir='ltr'>vel</span> <span class='ocrx_word' id='word_1_22' title='bbox 413 263 529 304; x_wconf 81' lang='lat' dir='ltr'>illius</span> <span class='ocrx_word' id='word_1_23' title='bbox 556 262 638 303; x_wconf 91' lang='lat' dir='ltr'>fide</span> <span class='ocrx_word' id='word_1_24' title='bbox 664 266 794 303; x_wconf 71' lang='lat' dir='ltr'>tutus</span> <span class='ocrx_word' id='word_1_25' title='bbox 847 261 1006 316; x_wconf 78' lang='lat' dir='ltr'>Coiere,</span> <span class='ocrx_word' id='word_1_26' title='bbox 1038 263 1151 317; x_wconf 91' lang='lat' dir='ltr'>quod</span> <span class='ocrx_word' id='word_1_27' title='bbox 1179 278 1226 304; x_wconf 83' lang='lat' dir='ltr'>ex</span> <span class='ocrx_word' id='word_1_28' title='bbox 1255 264 1477 319; x_wconf 85' lang='lat' dir='ltr'>utriusque</span> 
     </span>
     <span class='ocr_line' id='line_1_10' title="bbox 122 321 1475 375; baseline 0.001 -13"><span class='ocrx_word' id='word_1_29' title='bbox 122 321 240 363; x_wconf 86' lang='lat' dir='ltr'>vultu</span> <span class='ocrx_word' id='word_1_30' title='bbox 275 326 418 375; x_wconf 81' lang='lat' dir='ltr'>posset</span> <span class='ocrx_word' id='word_1_31' title='bbox 445 321 649 375; x_wconf 73' lang='lat' dir='ltr'>intellegi,</span> <span class='ocrx_word' id='word_1_32' title='bbox 682 321 829 363; x_wconf 87' lang='lat' dir='ltr'>amicis</span> <span class='ocrx_word' id='word_1_33' title='bbox 857 322 1022 363; x_wconf 88' lang='lat' dir='ltr'>animis.</span> <span class='ocrx_word' id='word_1_34' title='bbox 1075 321 1269 363; x_wconf 85' lang='lat' dir='ltr'>Ceterum</span> <span class='ocrx_word' id='word_1_35' title='bbox 1300 323 1390 364; x_wconf 89' lang='lat' dir='ltr'>sine</span> <span class='ocrx_word' id='word_1_36' title='bbox 1416 324 1475 365; x_wconf 91' lang='lat' dir='ltr'>in-</span> 
     </span>
     <span class='ocr_line' id='line_1_11' title="bbox 120 381 1474 435; baseline 0.003 -14"><span class='ocrx_word' id='word_1_37' title='bbox 120 384 304 435; x_wconf 83' lang='lat' dir='ltr'>terprete.</span> <span class='ocrx_word' id='word_1_38' title='bbox 337 396 421 422; x_wconf 88' lang='lat' dir='ltr'>non</span> <span class='ocrx_word' id='word_1_39' title='bbox 455 384 624 434; x_wconf 89' lang='lat' dir='ltr'>poterat</span> <span class='ocrx_word' id='word_1_40' title='bbox 657 381 820 421; x_wconf 88' lang='lat' dir='ltr'>conseri</span> <span class='ocrx_word' id='word_1_41' title='bbox 848 395 1004 422; x_wconf 90' lang='lat' dir='ltr'>sermo:</span> <span class='ocrx_word' id='word_1_42' title='bbox 1038 382 1180 435; x_wconf 87' lang='lat' dir='ltr'>itaque</span> <span class='ocrx_word' id='word_1_43' title='bbox 1208 382 1399 423; x_wconf 80' lang='lat' dir='ltr'>adhibito</span> <span class='ocrx_word' id='word_1_44' title='bbox 1427 397 1474 425; x_wconf 88' lang='lat' dir='ltr'>eo</span> 
     </span>
     <span class='ocr_line' id='line_1_12' title="bbox 120 440 1528 497; baseline 0.002 -16"><span class='ocrx_word' id='word_1_45' title='bbox 120 440 325 481; x_wconf 84' lang='lat' dir='ltr'>barbarus</span> <span class='ocrx_word' id='word_1_46' title='bbox 358 441 592 482; x_wconf 86' lang='lat' dir='ltr'>occurrisse</span> <span class='ocrx_word' id='word_1_47' title='bbox 623 455 665 481; x_wconf 87' lang='lat' dir='ltr'>se</span> <span class='ocrx_word' id='word_1_48' title='bbox 692 441 802 481; x_wconf 82' lang='lat' dir='ltr'>dixit</span> <span class='ocrx_word' id='word_1_49' title='bbox 828 454 921 481; x_wconf 88' lang='lat' dir='ltr'>cum</span> <span class='ocrx_word' id='word_1_50' title='bbox 951 441 1139 482; x_wconf 81' lang='lat' dir='ltr'>exercitu</span> <span class='ocrx_word' id='word_1_51' title='bbox 1166 445 1278 483; x_wconf 92' lang='lat' dir='ltr'>totas</span> <span class='ocrx_word' id='word_1_52' title='bbox 1307 442 1474 497; x_wconf 91' lang='lat' dir='ltr'>imperii</span> <span class='ocrx_word' id='word_1_53' title='bbox 1513 459 1528 485; x_wconf 86' lang='lat'><strong>5</strong></span> 
     </span>
     <span class='ocr_line' id='line_1_13' title="bbox 120 499 1476 556; baseline 0.002 -16"><span class='ocrx_word' id='word_1_54' title='bbox 120 499 230 540; x_wconf 86' lang='lat' dir='ltr'>vires</span> <span class='ocrx_word' id='word_1_55' title='bbox 257 500 453 555; x_wconf 90' lang='lat' dir='ltr'>protinus</span> <span class='ocrx_word' id='word_1_56' title='bbox 481 500 739 541; x_wconf 86' lang='lat' dir='ltr'>traditurum</span> <span class='ocrx_word' id='word_1_57' title='bbox 765 514 843 541; x_wconf 87' lang='lat' dir='ltr'>nec</span> <span class='ocrx_word' id='word_1_58' title='bbox 870 504 1126 555; x_wconf 74' lang='lat' dir='ltr'>expectasse,</span> <span class='ocrx_word' id='word_1_59' title='bbox 1150 501 1249 542; x_wconf 91' lang='lat' dir='ltr'>dum</span> <span class='ocrx_word' id='word_1_60' title='bbox 1277 516 1352 556; x_wconf 85' lang='lat' dir='ltr'>per</span> <span class='ocrx_word' id='word_1_61' title='bbox 1371 516 1476 543; x_wconf 90' lang='lat' dir='ltr'>nun-</span> 
     </span>
     <span class='ocr_line' id='line_1_14' title="bbox 120 558 1476 615; baseline 0.001 -15"><span class='ocrx_word' id='word_1_62' title='bbox 120 560 204 600; x_wconf 87' lang='lat' dir='ltr'>tios</span> <span class='ocrx_word' id='word_1_63' title='bbox 247 560 418 600; x_wconf 89' lang='lat' dir='ltr'>daretur</span> <span class='ocrx_word' id='word_1_64' title='bbox 461 560 576 600; x_wconf 87' lang='lat' dir='ltr'>fides.</span> <span class='ocrx_word' id='word_1_65' title='bbox 640 558 805 614; x_wconf 88' lang='lat' dir='ltr'>Corpus</span> <span class='ocrx_word' id='word_1_66' title='bbox 847 574 970 600; x_wconf 89' lang='lat' dir='ltr'>suum</span> <span class='ocrx_word' id='word_1_67' title='bbox 1014 563 1055 601; x_wconf 89' lang='lat' dir='ltr'>et</span> <span class='ocrx_word' id='word_1_68' title='bbox 1091 575 1267 615; x_wconf 74' lang='lat' dir='ltr'>regnum</span> <span class='ocrx_word' id='word_1_69' title='bbox 1304 561 1476 615; x_wconf 89' lang='lat' dir='ltr'>permit-</span> 
     </span>
     <span class='ocr_line' id='line_1_15' title="bbox 118 618 1475 675; baseline 0.001 -15"><span class='ocrx_word' id='word_1_70' title='bbox 118 622 207 660; x_wconf 86' lang='lat' dir='ltr'>tere</span> <span class='ocrx_word' id='word_1_71' title='bbox 251 619 332 672; x_wconf 83' lang='lat' dir='ltr'>illi,</span> <span class='ocrx_word' id='word_1_72' title='bbox 375 633 499 673; x_wconf 90' lang='lat' dir='ltr'>quem</span> <span class='ocrx_word' id='word_1_73' title='bbox 541 619 668 659; x_wconf 86' lang='lat' dir='ltr'>sciret</span> <span class='ocrx_word' id='word_1_74' title='bbox 706 618 867 673; x_wconf 78' lang='lat' dir='ltr'>gloriae</span> <span class='ocrx_word' id='word_1_75' title='bbox 910 619 1166 660; x_wconf 73' lang='lat' dir='ltr'>militantem</span> <span class='ocrx_word' id='word_1_76' title='bbox 1198 620 1307 662; x_wconf 86' lang='lat' dir='ltr'>nihil</span> <span class='ocrx_word' id='word_1_77' title='bbox 1338 621 1475 675; x_wconf 85' lang='lat' dir='ltr'>magis</span> 
     </span>
     <span class='ocr_line' id='line_1_16' title="bbox 118 678 1546 733; baseline 0 -15"><span class='ocrx_word' id='word_1_78' title='bbox 118 693 244 732; x_wconf 86' lang='lat' dir='ltr'>quam</span> <span class='ocrx_word' id='word_1_79' title='bbox 297 679 455 719; x_wconf 87' lang='lat' dir='ltr'>famam</span> <span class='ocrx_word' id='word_1_80' title='bbox 508 678 659 719; x_wconf 88' lang='lat' dir='ltr'>timere</span> <span class='ocrx_word' id='word_1_81' title='bbox 703 678 916 732; x_wconf 88' lang='lat' dir='ltr'>perfidiae.</span> <span class='ocrx_word' id='word_1_82' title='bbox 998 678 1153 720; x_wconf 87' lang='lat' dir='ltr'>Laetus</span> <span class='ocrx_word' id='word_1_83' title='bbox 1198 679 1474 733; x_wconf 72' lang='lat' dir='ltr'>simplicitate</span> <span class='ocrx_word' id='word_1_84' title='bbox 1496 683 1546 719; x_wconf 78' lang='lat'>43</span> 
     </span>
     <span class='ocr_line' id='line_1_17' title="bbox 118 737 1528 793; baseline 0.003 -15"><span class='ocrx_word' id='word_1_85' title='bbox 118 737 287 779; x_wconf 86' lang='lat' dir='ltr'>barbari</span> <span class='ocrx_word' id='word_1_86' title='bbox 333 753 406 778; x_wconf 80' lang='lat' dir='ltr'>rex</span> <span class='ocrx_word' id='word_1_87' title='bbox 449 740 490 779; x_wconf 90' lang='lat' dir='ltr'>et</span> <span class='ocrx_word' id='word_1_88' title='bbox 526 738 762 791; x_wconf 78' lang='lat' dir='ltr'>dexteram,</span> <span class='ocrx_word' id='word_1_89' title='bbox 804 738 902 778; x_wconf 88' lang='lat' dir='ltr'>fidei</span> <span class='ocrx_word' id='word_1_90' title='bbox 937 752 1036 779; x_wconf 86' lang='lat' dir='ltr'>suae</span> <span class='ocrx_word' id='word_1_91' title='bbox 1068 739 1242 793; x_wconf 78' lang='lat' dir='ltr'>pignus,</span> <span class='ocrx_word' id='word_1_92' title='bbox 1285 739 1401 780; x_wconf 86' lang='lat' dir='ltr'>dedit</span> <span class='ocrx_word' id='word_1_93' title='bbox 1433 742 1475 781; x_wconf 87' lang='lat' dir='ltr'>et</span> <span class='ocrx_word' id='word_1_94' title='bbox 1494 756 1528 783; x_wconf 82' lang='lat'>10</span> 
     </span>
     <span class='ocr_line' id='line_1_18' title="bbox 117 797 1475 853; baseline 0.001 -15"><span class='ocrx_word' id='word_1_95' title='bbox 117 812 296 853; x_wconf 87' lang='lat' dir='ltr'>regnum</span> <span class='ocrx_word' id='word_1_96' title='bbox 343 797 542 839; x_wconf 81' lang='lat' dir='ltr'>restituit.</span> <span class='ocrx_word' id='word_1_97' title='bbox 607 809 683 837; x_wconf 74' lang='lat' dir='ltr'>LVI</span> <span class='ocrx_word' id='word_1_98' title='bbox 726 797 942 851; x_wconf 84' lang='lat' dir='ltr'>elephanti</span> <span class='ocrx_word' id='word_1_99' title='bbox 975 802 1116 851; x_wconf 79' lang='lat' dir='ltr'>erant,</span> <span class='ocrx_word' id='word_1_100' title='bbox 1159 813 1265 852; x_wconf 87' lang='lat' dir='ltr'>quos</span> <span class='ocrx_word' id='word_1_101' title='bbox 1299 799 1475 840; x_wconf 87' lang='lat' dir='ltr'>tradidit</span> 
     </span>
     <span class='ocr_line' id='line_1_19' title="bbox 118 856 1474 913; baseline 0.001 -16"><span class='ocrx_word' id='word_1_102' title='bbox 118 856 374 910; x_wconf 74' lang='lat' dir='ltr'>Alexandro,</span> <span class='ocrx_word' id='word_1_103' title='bbox 402 857 621 911; x_wconf 85' lang='lat' dir='ltr'>multaque</span> <span class='ocrx_word' id='word_1_104' title='bbox 648 871 800 910; x_wconf 88' lang='lat' dir='ltr'>pecora</span> <span class='ocrx_word' id='word_1_105' title='bbox 827 857 1005 898; x_wconf 81' lang='lat' dir='ltr'>eximiae</span> <span class='ocrx_word' id='word_1_106' title='bbox 1031 858 1355 913; x_wconf 75' lang='lat' dir='ltr'>magnitudinis,</span> <span class='ocrx_word' id='word_1_107' title='bbox 1384 862 1474 899; x_wconf 85' lang='lat' dir='ltr'>tau—</span> 
     </span>
     <span class='ocr_line' id='line_1_20' title="bbox 116 916 1474 972; baseline 0.001 -15"><span class='ocrx_word' id='word_1_108' title='bbox 116 930 186 957; x_wconf 88' lang='lat' dir='ltr'>ros</span> <span class='ocrx_word' id='word_1_109' title='bbox 220 917 271 957; x_wconf 84' lang='lat' dir='ltr'>ad</span> <span class='ocrx_word' id='word_1_110' title='bbox 304 928 354 957; x_wconf 85' lang='lat'>111</span> <span class='ocrx_word' id='word_1_111' title='bbox 386 917 517 970; x_wconf 78' lang='lat' dir='ltr'>milia,</span> <span class='ocrx_word' id='word_1_112' title='bbox 549 916 784 971; x_wconf 85' lang='lat' dir='ltr'>pretiosum</span> <span class='ocrx_word' id='word_1_113' title='bbox 818 917 861 957; x_wconf 88' lang='lat' dir='ltr'>in</span> <span class='ocrx_word' id='word_1_114' title='bbox 894 931 941 957; x_wconf 83' lang='lat' dir='ltr'>ea</span> <span class='ocrx_word' id='word_1_115' title='bbox 969 917 1143 971; x_wconf 81' lang='lat' dir='ltr'>regione</span> <span class='ocrx_word' id='word_1_116' title='bbox 1169 922 1474 972; x_wconf 85' lang='lat' dir='ltr'>acceptumque</span> 
     </span>
     <span class='ocr_line' id='line_1_21' title="bbox 119 976 1473 1032; baseline 0.001 -16"><span class='ocrx_word' id='word_1_117' title='bbox 119 976 272 1016; x_wconf 85' lang='lat' dir='ltr'>animis</span> <span class='ocrx_word' id='word_1_118' title='bbox 314 977 585 1031; x_wconf 84' lang='lat' dir='ltr'>regnantium</span> <span class='ocrx_word' id='word_1_119' title='bbox 628 978 880 1017; x_wconf 83' lang='lat' dir='ltr'>armentum.</span> <span class='ocrx_word' id='word_1_120' title='bbox 950 976 1178 1025; x_wconf 83' lang='lat' dir='ltr'>Quaerenti</span> <span class='ocrx_word' id='word_1_121' title='bbox 1216 977 1473 1032; x_wconf 78' lang='lat' dir='ltr'>Alexandro,</span> 
     </span>
     <span class='ocr_line' id='line_1_22' title="bbox 116 1035 1526 1091; baseline 0.002 -16"><span class='ocrx_word' id='word_1_122' title='bbox 116 1035 260 1090; x_wconf 86' lang='lat' dir='ltr'>plures</span> <span class='ocrx_word' id='word_1_123' title='bbox 295 1035 573 1089; x_wconf 70' lang='lat' dir='ltr'>agricultores</span> <span class='ocrx_word' id='word_1_124' title='bbox 606 1035 781 1076; x_wconf 81' lang='lat' dir='ltr'>haberet</span> <span class='ocrx_word' id='word_1_125' title='bbox 815 1051 866 1076; x_wconf 88' lang='lat' dir='ltr'>an</span> <span class='ocrx_word' id='word_1_126' title='bbox 895 1035 1065 1091; x_wconf 75' lang='lat' dir='ltr'>milites7</span> <span class='ocrx_word' id='word_1_127' title='bbox 1098 1050 1191 1077; x_wconf 88' lang='lat' dir='ltr'>cum</span> <span class='ocrx_word' id='word_1_128' title='bbox 1221 1036 1387 1078; x_wconf 86' lang='lat' dir='ltr'>duobus</span> <span class='ocrx_word' id='word_1_129' title='bbox 1413 1052 1526 1079; x_wconf 78' lang='lat' dir='ltr'>re-15</span> 
     </span>
     <span class='ocr_line' id='line_1_23' title="bbox 116 1095 1472 1151; baseline 0.001 -16"><span class='ocrx_word' id='word_1_130' title='bbox 116 1095 242 1151; x_wconf 82' lang='lat' dir='ltr'>gibus</span> <span class='ocrx_word' id='word_1_131' title='bbox 287 1095 466 1136; x_wconf 85' lang='lat' dir='ltr'>bellanti</span> <span class='ocrx_word' id='word_1_132' title='bbox 512 1095 593 1136; x_wconf 88' lang='lat' dir='ltr'>sibi</span> <span class='ocrx_word' id='word_1_133' title='bbox 637 1095 797 1135; x_wconf 82' lang='lat' dir='ltr'>maiore</span> <span class='ocrx_word' id='word_1_134' title='bbox 842 1095 1027 1136; x_wconf 87' lang='lat' dir='ltr'>militum</span> <span class='ocrx_word' id='word_1_135' title='bbox 1071 1110 1197 1150; x_wconf 90' lang='lat' dir='ltr'>quam</span> <span class='ocrx_word' id='word_1_136' title='bbox 1239 1097 1472 1150; x_wconf 79' lang='lat' dir='ltr'>agrestium</span> 
     </span>
     <span class='ocr_line' id='line_1_24' title="bbox 116 1154 1472 1210; baseline 0.001 -16"><span class='ocrx_word' id='word_1_137' title='bbox 116 1169 244 1195; x_wconf 86' lang='lat' dir='ltr'>manu</span> <span class='ocrx_word' id='word_1_138' title='bbox 285 1169 390 1209; x_wconf 89' lang='lat' dir='ltr'>opus</span> <span class='ocrx_word' id='word_1_139' title='bbox 431 1169 522 1195; x_wconf 90' lang='lat' dir='ltr'>esse</span> <span class='ocrx_word' id='word_1_140' title='bbox 560 1154 789 1209; x_wconf 79' lang='lat' dir='ltr'>respondit.</span> <span class='ocrx_word' id='word_1_141' title='bbox 853 1154 1054 1196; x_wconf 80' lang='lat' dir='ltr'>Abisares</span> <span class='ocrx_word' id='word_1_142' title='bbox 1094 1158 1134 1196; x_wconf 89' lang='lat' dir='ltr'>et</span> <span class='ocrx_word' id='word_1_143' title='bbox 1166 1155 1303 1196; x_wconf 86' lang='lat' dir='ltr'>Porus</span> <span class='ocrx_word' id='word_1_144' title='bbox 1342 1158 1472 1210; x_wconf 86' lang='lat' dir='ltr'>erant,</span> 
     </span>
     <span class='ocr_line' id='line_1_25' title="bbox 116 1213 1474 1269; baseline 0.001 -15"><span class='ocrx_word' id='word_1_145' title='bbox 116 1213 189 1255; x_wconf 88' lang='lat' dir='ltr'>sed</span> <span class='ocrx_word' id='word_1_146' title='bbox 216 1214 261 1254; x_wconf 90' lang='lat' dir='ltr'>in</span> <span class='ocrx_word' id='word_1_147' title='bbox 281 1213 391 1255; x_wconf 87' lang='lat' dir='ltr'>Poro</span> <span class='ocrx_word' id='word_1_148' title='bbox 419 1214 634 1255; x_wconf 88' lang='lat' dir='ltr'>eminebat</span> <span class='ocrx_word' id='word_1_149' title='bbox 658 1214 901 1255; x_wconf 85' lang='lat' dir='ltr'>auctoritas.</span> <span class='ocrx_word' id='word_1_150' title='bbox 970 1214 1161 1268; x_wconf 84' lang='lat' dir='ltr'>Uterque</span> <span class='ocrx_word' id='word_1_151' title='bbox 1195 1214 1308 1255; x_wconf 83' lang='lat' dir='ltr'>ultra</span> <span class='ocrx_word' id='word_1_152' title='bbox 1332 1215 1474 1269; x_wconf 72' lang='lat' dir='ltr'>Hyda-</span> 
     </span>
     <span class='ocr_line' id='line_1_26' title="bbox 117 1273 1474 1329; baseline 0.002 -16"><span class='ocrx_word' id='word_1_153' title='bbox 117 1287 221 1327; x_wconf 83' lang='lat' dir='ltr'>spen</span> <span class='ocrx_word' id='word_1_154' title='bbox 254 1289 419 1314; x_wconf 87' lang='lat' dir='ltr'>amnem</span> <span class='ocrx_word' id='word_1_155' title='bbox 453 1273 658 1329; x_wconf 84' lang='lat' dir='ltr'>regnabat</span> <span class='ocrx_word' id='word_1_156' title='bbox 685 1276 728 1314; x_wconf 93' lang='lat' dir='ltr'>et</span> <span class='ocrx_word' id='word_1_157' title='bbox 753 1274 852 1315; x_wconf 89' lang='lat' dir='ltr'>belli</span> <span class='ocrx_word' id='word_1_158' title='bbox 876 1274 1103 1326; x_wconf 87' lang='lat' dir='ltr'>fortunam,</span> <span class='ocrx_word' id='word_1_159' title='bbox 1137 1275 1330 1328; x_wconf 85' lang='lat' dir='ltr'>quisquis</span> <span class='ocrx_word' id='word_1_160' title='bbox 1357 1289 1474 1316; x_wconf 86' lang='lat' dir='ltr'>arma</span> 
     </span>
     <span class='ocr_line' id='line_1_27' title="bbox 118 1332 1527 1387; baseline 0.003 -15"><span class='ocrx_word' id='word_1_161' title='bbox 118 1333 313 1386; x_wconf 82' lang='lat' dir='ltr'>inferret,</span> <span class='ocrx_word' id='word_1_162' title='bbox 365 1333 547 1387; x_wconf 81' lang='lat' dir='ltr'>experiri</span> <span class='ocrx_word' id='word_1_163' title='bbox 605 1334 858 1374; x_wconf 80' lang='lat' dir='ltr'>decreverat.</span> <span class='ocrx_word' id='word_1_164' title='bbox 958 1332 1137 1387; x_wconf 87' lang='lat' dir='ltr'>Omphis</span> <span class='ocrx_word' id='word_1_165' title='bbox 1199 1335 1474 1387; x_wconf 84' lang='lat' dir='ltr'>permittente</span> <span class='ocrx_word' id='word_1_166' title='bbox 1494 1351 1527 1377; x_wconf 83' lang='lat'>20</span> 
     </span>
     <span class='ocr_line' id='line_1_28' title="bbox 116 1391 1473 1449; baseline 0.001 -17"><span class='ocrx_word' id='word_1_167' title='bbox 116 1391 359 1433; x_wconf 76' lang='lat' dir='ltr'>Alexandro</span> <span class='ocrx_word' id='word_1_168' title='bbox 400 1396 441 1433; x_wconf 89' lang='lat' dir='ltr'>et</span> <span class='ocrx_word' id='word_1_169' title='bbox 478 1392 645 1447; x_wconf 88' lang='lat' dir='ltr'>regium</span> <span class='ocrx_word' id='word_1_170' title='bbox 684 1392 852 1448; x_wconf 84' lang='lat' dir='ltr'>insigne</span> <span class='ocrx_word' id='word_1_171' title='bbox 894 1393 1078 1446; x_wconf 84' lang='lat' dir='ltr'>sumpsit</span> <span class='ocrx_word' id='word_1_172' title='bbox 1111 1396 1152 1433; x_wconf 89' lang='lat' dir='ltr'>et</span> <span class='ocrx_word' id='word_1_173' title='bbox 1184 1407 1301 1434; x_wconf 89' lang='lat' dir='ltr'>more</span> <span class='ocrx_word' id='word_1_174' title='bbox 1333 1394 1473 1449; x_wconf 87' lang='lat' dir='ltr'>gentis</span> 
     </span>
     <span class='ocr_line' id='line_1_29' title="bbox 116 1452 1473 1507; baseline 0.001 -15"><span class='ocrx_word' id='word_1_175' title='bbox 116 1466 214 1493; x_wconf 89' lang='lat' dir='ltr'>suae</span> <span class='ocrx_word' id='word_1_176' title='bbox 259 1466 432 1506; x_wconf 80' lang='lat' dir='ltr'>nomen,</span> <span class='ocrx_word' id='word_1_177' title='bbox 478 1452 591 1506; x_wconf 90' lang='lat' dir='ltr'>quod</span> <span class='ocrx_word' id='word_1_178' title='bbox 630 1452 764 1506; x_wconf 83' lang='lat' dir='ltr'>patris</span> <span class='ocrx_word' id='word_1_179' title='bbox 797 1452 955 1493; x_wconf 84' lang='lat' dir='ltr'>fuerat:</span> <span class='ocrx_word' id='word_1_180' title='bbox 994 1452 1172 1493; x_wconf 77' lang='lat' dir='ltr'>Taxilen</span> <span class='ocrx_word' id='word_1_181' title='bbox 1205 1454 1473 1507; x_wconf 86' lang='lat' dir='ltr'>appellavere</span> 
     </span>
     <span class='ocr_line' id='line_1_30' title="bbox 114 1511 1473 1566; baseline 0.001 -14"><span class='ocrx_word' id='word_1_182' title='bbox 114 1511 341 1566; x_wconf 84' lang='lat' dir='ltr'>populares</span> <span class='ocrx_word' id='word_1_183' title='bbox 373 1515 575 1565; x_wconf 89' lang='lat' dir='ltr'>sequente</span> <span class='ocrx_word' id='word_1_184' title='bbox 606 1511 780 1553; x_wconf 89' lang='lat' dir='ltr'>nomine</span> <span class='ocrx_word' id='word_1_185' title='bbox 813 1512 1053 1566; x_wconf 83' lang='lat' dir='ltr'>imperium,</span> <span class='ocrx_word' id='word_1_186' title='bbox 1086 1513 1130 1552; x_wconf 89' lang='lat' dir='ltr'>in</span> <span class='ocrx_word' id='word_1_187' title='bbox 1163 1527 1473 1566; x_wconf 84' lang='lat' dir='ltr'>quemeumque</span> 
     </span>
     <span class='ocr_line' id='line_1_31' title="bbox 118 1570 1472 1625; baseline 0.001 -14"><span class='ocrx_word' id='word_1_188' title='bbox 118 1572 332 1612; x_wconf 85' lang='lat' dir='ltr'>transiret.</span> <span class='ocrx_word' id='word_1_189' title='bbox 383 1570 523 1625; x_wconf 78' lang='lat' dir='ltr'>Igitur</span> <span class='ocrx_word' id='word_1_190' title='bbox 555 1585 650 1612; x_wconf 89' lang='lat' dir='ltr'>cum</span> <span class='ocrx_word' id='word_1_191' title='bbox 682 1586 759 1624; x_wconf 88' lang='lat' dir='ltr'>per</span> <span class='ocrx_word' id='word_1_192' title='bbox 784 1571 971 1612; x_wconf 88' lang='lat' dir='ltr'>triduum</span> <span class='ocrx_word' id='word_1_193' title='bbox 1000 1571 1273 1625; x_wconf 83' lang='lat' dir='ltr'>hospitaliter</span> <span class='ocrx_word' id='word_1_194' title='bbox 1292 1571 1472 1613; x_wconf 82' lang='lat' dir='ltr'>Alexan-</span> 
     </span>
     <span class='ocr_line' id='line_1_32' title="bbox 115 1629 1526 1685; baseline 0.002 -15"><span class='ocrx_word' id='word_1_195' title='bbox 115 1629 237 1671; x_wconf 86' lang='lat' dir='ltr'>drum</span> <span class='ocrx_word' id='word_1_196' title='bbox 290 1632 539 1684; x_wconf 77' lang='lat' dir='ltr'>accepisset,</span> <span class='ocrx_word' id='word_1_197' title='bbox 591 1633 743 1685; x_wconf 86' lang='lat' dir='ltr'>quarto</span> <span class='ocrx_word' id='word_1_198' title='bbox 790 1630 856 1671; x_wconf 89' lang='lat' dir='ltr'>die</span> <span class='ocrx_word' id='word_1_199' title='bbox 902 1634 959 1683; x_wconf 68' lang='lat' dir='ltr'>et,</span> <span class='ocrx_word' id='word_1_200' title='bbox 1012 1635 1218 1684; x_wconf 85' lang='lat' dir='ltr'>quantum</span> <span class='ocrx_word' id='word_1_201' title='bbox 1269 1631 1470 1672; x_wconf 84' lang='lat' dir='ltr'>frumenti</span> <span class='ocrx_word' id='word_1_202' title='bbox 1493 1648 1526 1673; x_wconf 79' lang='lat'>25</span> 
     </span>
     <span class='ocr_line' id='line_1_33' title="bbox 115 1689 1473 1744; baseline 0.001 -14"><span class='ocrx_word' id='word_1_203' title='bbox 115 1689 261 1744; x_wconf 82' lang='lat' dir='ltr'>copiis,</span> <span class='ocrx_word' id='word_1_204' title='bbox 295 1705 400 1744; x_wconf 85' lang='lat' dir='ltr'>quas</span> <span class='ocrx_word' id='word_1_205' title='bbox 420 1689 715 1743; x_wconf 86' lang='lat' dir='ltr'>Hephaestion</span> <span class='ocrx_word' id='word_1_206' title='bbox 742 1690 930 1742; x_wconf 79' lang='lat' dir='ltr'>duxerat,</span> <span class='ocrx_word' id='word_1_207' title='bbox 963 1690 1205 1744; x_wconf 88' lang='lat' dir='ltr'>praebitum</span> <span class='ocrx_word' id='word_1_208' title='bbox 1232 1706 1256 1731; x_wconf 90' lang='lat' dir='ltr'>a</span> <span class='ocrx_word' id='word_1_209' title='bbox 1282 1705 1325 1732; x_wconf 89' lang='lat' dir='ltr'>se</span> <span class='ocrx_word' id='word_1_210' title='bbox 1353 1694 1473 1744; x_wconf 76' lang='lat' dir='ltr'>esset,</span> 
     </span>
     <span class='ocr_line' id='line_1_34' title="bbox 115 1749 1473 1804; baseline 0.001 -15"><span class='ocrx_word' id='word_1_211' title='bbox 115 1749 302 1790; x_wconf 87' lang='lat' dir='ltr'>ostendit</span> <span class='ocrx_word' id='word_1_212' title='bbox 349 1753 392 1789; x_wconf 90' lang='lat' dir='ltr'>et</span> <span class='ocrx_word' id='word_1_213' title='bbox 432 1764 580 1790; x_wconf 88' lang='lat' dir='ltr'>aureas</span> <span class='ocrx_word' id='word_1_214' title='bbox 630 1764 808 1790; x_wconf 85' lang='lat' dir='ltr'>coronas</span> <span class='ocrx_word' id='word_1_215' title='bbox 856 1750 940 1804; x_wconf 91' lang='lat' dir='ltr'>ipsi</span> <span class='ocrx_word' id='word_1_216' title='bbox 985 1750 1217 1804; x_wconf 87' lang='lat' dir='ltr'>amicisque</span> <span class='ocrx_word' id='word_1_217' title='bbox 1261 1750 1473 1804; x_wconf 83' lang='lat' dir='ltr'>omnibus,</span> 
     </span>
    </p>
   </div>
   <div class='ocr_carea' id='block_1_9' title="bbox 111 1924 1470 2398">
    <p class='ocr_par' dir='ltr' id='par_1_9' title="bbox 111 1924 1470 2398">
     <span class='ocr_line' id='line_1_35' title="bbox 210 1924 1470 1971; baseline 0 -13"><span class='ocrx_word' id='word_1_218' title='bbox 210 1930 229 1958; x_wconf 81' lang='lat'><strong>2</strong></span> <span class='ocrx_word' id='word_1_219' title='bbox 258 1924 383 1960; x_wconf 88' lang='lat' dir='ltr'>Coiere</span> <span class='ocrx_word' id='word_1_220' title='bbox 406 1926 643 1970; x_wconf 71' lang='lat' dir='ltr'>Wayenerus:</span> <span class='ocrx_word' id='word_1_221' title='bbox 672 1925 787 1959; x_wconf 89' lang='lat' dir='ltr'>coiret</span> <span class='ocrx_word' id='word_1_222' title='bbox 813 1929 852 1959; x_wconf 89' lang='lat' dir='ltr'>A.</span> <span class='ocrx_word' id='word_1_223' title='bbox 932 1929 950 1959; x_wconf 89' lang='lat'><strong>3</strong></span> <span class='ocrx_word' id='word_1_224' title='bbox 979 1926 1130 1971; x_wconf 85' lang='lat' dir='ltr'>animis]</span> <span class='ocrx_word' id='word_1_225' title='bbox 1163 1937 1229 1960; x_wconf 86' lang='lat' dir='ltr'>om.</span> <span class='ocrx_word' id='word_1_226' title='bbox 1256 1929 1282 1959; x_wconf 89' lang='grc' dir='ltr'>Β</span> <span class='ocrx_word' id='word_1_227' title='bbox 1303 1937 1346 1959; x_wconf 78' lang='lat' dir='ltr'>m.</span> <span class='ocrx_word' id='word_1_228' title='bbox 1365 1938 1424 1970; x_wconf 75' lang='lat' dir='ltr'>pr.</span> <span class='ocrx_word' id='word_1_229' title='bbox 1445 1929 1470 1958; x_wconf 92' lang='lat' dir='ltr'>L</span> 
     </span>
     <span class='ocr_line' id='line_1_36' title="bbox 114 1972 1469 2019; baseline 0 -13"><span class='ocrx_word' id='word_1_230' title='bbox 114 1984 233 2017; x_wconf 70' lang='lat' dir='ltr'>mpr.</span> <span class='ocrx_word' id='word_1_231' title='bbox 334 1977 354 2006; x_wconf 79' lang='lat'>4</span> <span class='ocrx_word' id='word_1_232' title='bbox 382 1972 569 2018; x_wconf 87' lang='lat' dir='ltr'>adhibito]</span> <span class='ocrx_word' id='word_1_233' title='bbox 596 1972 740 2006; x_wconf 84' lang='lat' dir='ltr'>adibito</span> <span class='ocrx_word' id='word_1_234' title='bbox 766 1976 806 2007; x_wconf 86' lang='lat' dir='ltr'>V.</span> <span class='ocrx_word' id='word_1_235' title='bbox 916 1978 935 2007; x_wconf 84' lang='lat'>5</span> <span class='ocrx_word' id='word_1_236' title='bbox 962 1973 1108 2018; x_wconf 86' lang='lat' dir='ltr'>imperii</span> <span class='ocrx_word' id='word_1_237' title='bbox 1134 1973 1246 2019; x_wconf 84' lang='lat' dir='ltr'>vires]</span> <span class='ocrx_word' id='word_1_238' title='bbox 1273 1973 1469 2017; x_wconf 86' lang='lat' dir='ltr'>imperium</span> 
     </span>
     <span class='ocr_line' id='line_1_37' title="bbox 114 2021 1470 2067; baseline 0.001 -14"><span class='ocrx_word' id='word_1_239' title='bbox 114 2030 170 2053; x_wconf 87' lang='lat' dir='ltr'>res</span> <span class='ocrx_word' id='word_1_240' title='bbox 199 2023 230 2053; x_wconf 84' lang='lat' dir='ltr'>c.</span> <span class='ocrx_word' id='word_1_241' title='bbox 351 2024 370 2053; x_wconf 86' lang='grc'><strong>6</strong></span> <span class='ocrx_word' id='word_1_242' title='bbox 397 2023 612 2065; x_wconf 79' lang='lat' dir='ltr'>expectasse</span> <span class='ocrx_word' id='word_1_243' title='bbox 640 2021 784 2055; x_wconf 81' lang='lat' dir='ltr'>Lauer:</span> <span class='ocrx_word' id='word_1_244' title='bbox 812 2023 998 2065; x_wconf 79' lang='lat' dir='ltr'>spectasse</span> <span class='ocrx_word' id='word_1_245' title='bbox 1025 2024 1063 2054; x_wconf 78' lang='lat' dir='ltr'>A.</span> <span class='ocrx_word' id='word_1_246' title='bbox 1185 2021 1352 2067; x_wconf 87' lang='lat' dir='ltr'>nuntios]</span> <span class='ocrx_word' id='word_1_247' title='bbox 1378 2032 1470 2054; x_wconf 86' lang='lat' dir='ltr'>nun-</span> 
     </span>
     <span class='ocr_line' id='line_1_38' title="bbox 114 2067 1469 2114; baseline 0.001 -14"><span class='ocrx_word' id='word_1_248' title='bbox 114 2067 189 2101; x_wconf 76' lang='lat' dir='ltr'>cios</span> <span class='ocrx_word' id='word_1_249' title='bbox 216 2071 255 2102; x_wconf 83' lang='lat' dir='ltr'>V.</span> <span class='ocrx_word' id='word_1_250' title='bbox 374 2073 413 2102; x_wconf 93' lang='lat'>11</span> <span class='ocrx_word' id='word_1_251' title='bbox 443 2068 518 2114; x_wconf 76' lang='lat' dir='ltr'>Lvl]</span> <span class='ocrx_word' id='word_1_252' title='bbox 545 2069 603 2102; x_wconf 70' lang='lat' dir='ltr'><strong>L‘vl</strong></span> <span class='ocrx_word' id='word_1_253' title='bbox 623 2071 658 2101; x_wconf 91' lang='lat' dir='ltr'>P.</span> <span class='ocrx_word' id='word_1_254' title='bbox 774 2071 813 2101; x_wconf 84' lang='grc'>17</span> <span class='ocrx_word' id='word_1_255' title='bbox 842 2068 1033 2114; x_wconf 83' lang='lat' dir='ltr'>Abisares]</span> <span class='ocrx_word' id='word_1_256' title='bbox 1066 2067 1277 2102; x_wconf 83' lang='lat' dir='ltr'>abiasaraes</span> <span class='ocrx_word' id='word_1_257' title='bbox 1303 2071 1329 2101; x_wconf 87' lang='lat' dir='ltr'>B</span> <span class='ocrx_word' id='word_1_258' title='bbox 1352 2080 1383 2102; x_wconf 88' lang='lat' dir='ltr'>m</span> <span class='ocrx_word' id='word_1_259' title='bbox 1409 2079 1469 2113; x_wconf 75' lang='lat' dir='ltr'>pr.</span> 
     </span>
     <span class='ocr_line' id='line_1_39' title="bbox 116 2114 1397 2160; baseline 0.002 -12"><span class='ocrx_word' id='word_1_260' title='bbox 116 2118 158 2149; x_wconf 89' lang='lat'>18</span> <span class='ocrx_word' id='word_1_261' title='bbox 186 2114 284 2149; x_wconf 84' lang='lat' dir='ltr'>ultra</span> <span class='ocrx_word' id='word_1_262' title='bbox 310 2119 372 2148; x_wconf 86' lang='lat' dir='ltr'>Pv</span> <span class='ocrx_word' id='word_1_263' title='bbox 392 2128 437 2150; x_wconf 81' lang='lat' dir='ltr'>m.</span> <span class='ocrx_word' id='word_1_264' title='bbox 454 2127 530 2160; x_wconf 55' lang='lat' dir='ltr'>pn:</span> <span class='ocrx_word' id='word_1_265' title='bbox 563 2115 736 2159; x_wconf 83' lang='lat' dir='ltr'>ultraque</span> <span class='ocrx_word' id='word_1_266' title='bbox 762 2118 788 2148; x_wconf 88' lang='lat' dir='ltr'>B</span> <span class='ocrx_word' id='word_1_267' title='bbox 811 2127 852 2149; x_wconf 87' lang='lat' dir='ltr'>m.</span> <span class='ocrx_word' id='word_1_268' title='bbox 869 2128 929 2160; x_wconf 74' lang='lat' dir='ltr'>pr.</span> <span class='ocrx_word' id='word_1_269' title='bbox 950 2119 1027 2158; x_wconf 72' lang='lat' dir='ltr'>PL,</span> <span class='ocrx_word' id='word_1_270' title='bbox 1059 2115 1232 2160; x_wconf 68' lang='lat' dir='ltr'>ultraque</span> <span class='ocrx_word' id='word_1_271' title='bbox 1253 2119 1281 2148; x_wconf 86' lang='lat' dir='ltr'><strong>V</strong></span> <span class='ocrx_word' id='word_1_272' title='bbox 1308 2127 1397 2151; x_wconf 79' lang='lat' dir='ltr'>corr.</span> 
     </span>
     <span class='ocr_line' id='line_1_40' title="bbox 113 2161 1469 2210; baseline 0.002 -15"><span class='ocrx_word' id='word_1_273' title='bbox 113 2161 317 2206; x_wconf 85' lang='lat' dir='ltr'>Hydaspen</span> <span class='ocrx_word' id='word_1_274' title='bbox 345 2164 482 2198; x_wconf 82' lang='lat' dir='ltr'>Aldus:</span> <span class='ocrx_word' id='word_1_275' title='bbox 507 2163 691 2207; x_wconf 85' lang='lat' dir='ltr'>hidaspen</span> <span class='ocrx_word' id='word_1_276' title='bbox 717 2166 759 2205; x_wconf 82' lang='lat' dir='ltr'>P,</span> <span class='ocrx_word' id='word_1_277' title='bbox 793 2163 988 2207; x_wconf 85' lang='lat' dir='ltr'>hidaspem</span> <span class='ocrx_word' id='word_1_278' title='bbox 1016 2168 1047 2196; x_wconf 90' lang='lat' dir='ltr'>c.</span> <span class='ocrx_word' id='word_1_279' title='bbox 1147 2166 1192 2196; x_wconf 80' lang='lat'>⁶20</span> <span class='ocrx_word' id='word_1_280' title='bbox 1218 2163 1388 2210; x_wconf 87' lang='lat' dir='ltr'>inferret]</span> <span class='ocrx_word' id='word_1_281' title='bbox 1413 2163 1469 2197; x_wconf 90' lang='lat' dir='ltr'>in-</span> 
     </span>
     <span class='ocr_line' id='line_1_41' title="bbox 112 2210 1468 2256; baseline 0.001 -13"><span class='ocrx_word' id='word_1_282' title='bbox 112 2210 284 2244; x_wconf 87' lang='lat' dir='ltr'>terferret</span> <span class='ocrx_word' id='word_1_283' title='bbox 309 2213 335 2243; x_wconf 89' lang='lat' dir='ltr'>B</span> <span class='ocrx_word' id='word_1_284' title='bbox 355 2223 400 2245; x_wconf 87' lang='lat' dir='ltr'>m.</span> <span class='ocrx_word' id='word_1_285' title='bbox 415 2223 474 2255; x_wconf 76' lang='lat' dir='ltr'>pr.</span> <span class='ocrx_word' id='word_1_286' title='bbox 552 2210 724 2256; x_wconf 80' lang='lat' dir='ltr'>Omphis]</span> <span class='ocrx_word' id='word_1_287' title='bbox 746 2210 916 2254; x_wconf 68' lang='lat' dir='ltr'>*Omphis</span> <span class='ocrx_word' id='word_1_288' title='bbox 937 2213 973 2248; x_wconf 83' lang='grc' dir='ltr'>Β,</span> <span class='ocrx_word' id='word_1_289' title='bbox 1001 2210 1105 2244; x_wconf 87' lang='lat' dir='ltr'>omfis</span> <span class='ocrx_word' id='word_1_290' title='bbox 1125 2214 1161 2244; x_wconf 84' lang='lat' dir='ltr'>F.</span> <span class='ocrx_word' id='word_1_291' title='bbox 1238 2215 1279 2244; x_wconf 76' lang='lat'>‘21</span> <span class='ocrx_word' id='word_1_292' title='bbox 1308 2211 1468 2256; x_wconf 88' lang='lat' dir='ltr'>regium]</span> 
     </span>
     <span class='ocr_line' id='line_1_42' title="bbox 111 2257 1468 2303; baseline 0.001 -13"><span class='ocrx_word' id='word_1_293' title='bbox 111 2267 266 2301; x_wconf 87' lang='lat' dir='ltr'>regnum</span> <span class='ocrx_word' id='word_1_294' title='bbox 294 2261 319 2291; x_wconf 89' lang='lat' dir='ltr'>B</span> <span class='ocrx_word' id='word_1_295' title='bbox 340 2270 384 2292; x_wconf 86' lang='lat' dir='ltr'>m.</span> <span class='ocrx_word' id='word_1_296' title='bbox 400 2270 459 2303; x_wconf 79' lang='lat' dir='ltr'>pr.</span> <span class='ocrx_word' id='word_1_297' title='bbox 481 2262 544 2291; x_wconf 75' lang='grc' dir='ltr'>ΕΙ.</span> <span class='ocrx_word' id='word_1_298' title='bbox 563 2270 608 2292; x_wconf 83' lang='lat' dir='ltr'>m.</span> <span class='ocrx_word' id='word_1_299' title='bbox 624 2270 683 2302; x_wconf 77' lang='lat' dir='ltr'>pr.</span> <span class='ocrx_word' id='word_1_300' title='bbox 704 2261 743 2291; x_wconf 86' lang='lat' dir='ltr'>V.</span> <span class='ocrx_word' id='word_1_301' title='bbox 820 2258 935 2303; x_wconf 84' lang='lat' dir='ltr'>more]</span> <span class='ocrx_word' id='word_1_302' title='bbox 963 2259 1000 2292; x_wconf 90' lang='lat' dir='ltr'>in</span> <span class='ocrx_word' id='word_1_303' title='bbox 1027 2269 1088 2292; x_wconf 90' lang='lat' dir='ltr'>ore</span> <span class='ocrx_word' id='word_1_304' title='bbox 1108 2261 1147 2292; x_wconf 82' lang='lat' dir='ltr'>V.</span> <span class='ocrx_word' id='word_1_305' title='bbox 1225 2262 1267 2292; x_wconf 74' lang='lat'>22</span> <span class='ocrx_word' id='word_1_306' title='bbox 1295 2257 1468 2303; x_wconf 68' lang='lat' dir='ltr'>Taxilen]</span> 
     </span>
     <span class='ocr_line' id='line_1_43' title="bbox 113 2304 1465 2351; baseline 0.002 -14"><span class='ocrx_word' id='word_1_307' title='bbox 113 2304 272 2338; x_wconf 80' lang='lat' dir='ltr'>taxsilen</span> <span class='ocrx_word' id='word_1_308' title='bbox 299 2309 333 2338; x_wconf 87' lang='lat' dir='ltr'>P.</span> <span class='ocrx_word' id='word_1_309' title='bbox 451 2311 494 2340; x_wconf 74' lang='lat'>25</span> <span class='ocrx_word' id='word_1_310' title='bbox 523 2305 743 2351; x_wconf 83' lang='lat' dir='ltr'>accepisset]</span> <span class='ocrx_word' id='word_1_311' title='bbox 770 2305 969 2350; x_wconf 81' lang='lat' dir='ltr'>accipisset</span> <span class='ocrx_word' id='word_1_312' title='bbox 995 2309 1030 2339; x_wconf 88' lang='lat' dir='ltr'>P.</span> <span class='ocrx_word' id='word_1_313' title='bbox 1142 2309 1185 2340; x_wconf 73' lang='lat'>26</span> <span class='ocrx_word' id='word_1_314' title='bbox 1213 2305 1465 2350; x_wconf 84' lang='lat' dir='ltr'>Hephaestion</span> 
     </span>
     <span class='ocr_line' id='line_1_44' title="bbox 115 2352 938 2398; baseline -0.001 -11"><span class='ocrx_word' id='word_1_315' title='bbox 115 2352 268 2395; x_wconf 77' lang='lat' dir='ltr'>Cospus:</span> <span class='ocrx_word' id='word_1_316' title='bbox 298 2353 491 2396; x_wconf 85' lang='lat' dir='ltr'>ephestion</span> <span class='ocrx_word' id='word_1_317' title='bbox 519 2357 558 2387; x_wconf 83' lang='lat' dir='ltr'>A.</span> <span class='ocrx_word' id='word_1_318' title='bbox 658 2354 770 2398; x_wconf 84' lang='lat' dir='ltr'>esset]</span> <span class='ocrx_word' id='word_1_319' title='bbox 798 2364 875 2387; x_wconf 85' lang='lat' dir='ltr'>esse</span> <span class='ocrx_word' id='word_1_320' title='bbox 902 2357 938 2386; x_wconf 89' lang='lat' dir='ltr'>P.</span> 
     </span>
    </p>
   </div>
  </div>
 </body>
</html>
