1610 2522
359 97 693 132 HISTORIARUM
720 97 1003 131 ALEXANDRI
1030 97 1124 141 VIII,
1151 102 1182 132 4.
1362 98 1447 139 267

96 207 369 261 consumpsit.
421 206 651 248 Memoriae
683 206 899 260 proditum
934 210 997 248 est
1030 206 1234 260 quosdam
1269 207 1450 262 adplica-
1479 222 1521 252 14

95 269 162 307 tos
189 266 386 307 arborum
414 267 576 308 truncis
603 269 644 307 et
670 281 754 307 11011
783 267 920 307 50111111
942 267 1196 319 viventibus,
1224 267 1295 308 sed
1322 268 1448 309 etiam

94 326 206 366 111161·
239 340 281 366 56
315 326 672 379 conloquentibus
699 326 850 367 similis
878 341 967 366 esse
995 330 1244 380 conspectos
1272 326 1449 368 durante

94 385 232 425 adhuc
282 384 450 437 habitu,
501 385 544 426 in
595 400 678 438 quo
730 400 843 427 mors
898 400 1108 439 quemque
1159 386 1448 440 deprenderat.

59 443 221 487 5Forte
266 444 438 486 Macedo
491 445 710 500 gregarius
756 444 878 485 miles
924 459 1051 499 seque
1096 447 1137 486 et
1182 460 1300 487 arma
1343 446 1450 487 male
1479 460 1519 491 15

94 507 337 545 sustentans
375 507 519 545 tamen
558 504 599 544 in
640 507 778 545 castra
809 507 1077 559 pervenerat:
1123 519 1206 558 quo
1240 505 1330 546 viso
1363 519 1448 559 rex,

94 578 351 617 quamquam
397 563 486 617 ipse
525 566 616 604 tum
657 564 840 605 maxime
878 565 1050 605 admoto
1089 564 1188 619 igne
1230 564 1448 606 refovebat

93 625 222 674 311115,
255 638 304 664 ex
338 625 442 664 sella
468 638 543 664 sua-
570 622 720 664 exiluit
747 626 1074 678 torpentemque
1100 624 1282 664 milit-em
1310 627 1351 665 et
1378 625 1448 665 vix

93 685 334 736 compotem
362 682 516 723 mentis
544 682 727 736 demptis
754 684 882 723 armis
910 683 953 723 in
980 698 1056 724 sua
1081 684 1179 724 sede
1206 684 1330 724 iussit
1352 698 1447 725 con-

40 761 72 786 10
93 741 238 783 sidere.
289 741 366 783 Ille
399 742 470 783 diu
502 756 592 796 1160,
624 742 698 783 ubi
731 743 1026 796 requiesceret,
1058 757 1146 796 nec,
1178 758 1202 783 a
1229 758 1312 797 quo
1340 746 1449 784 esset
1478 760 1518 789 16

93 804 312 855 exceptus,
356 801 542 857 agnovit.
607 801 793 843 Tandem
834 805 1003 856 recepto
1049 801 1185 843 calore
1219 803 1356 853 vitali,
1401 806 1449 843 ut

92 861 251 916 regiam
292 861 431 902 sedem
465 875 693 916 regemque
725 861 849 915 vidit,
894 862 1068 902 territus
1102 863 1249 918 surgit.
1313 861 1446 911 Quem
1477 878 1518 908 17

93 921 261 961 intuens
301 921 558 962 Alexander:
605 921 787 975 ‘Ecquid
831 922 1058 977 intellegis,
1101 921 1252 974 miles',
1296 922 1447 976 inquit,

92 980 267 1034 ‘quanto
307 980 481 1021 meliore
520 984 634 1022 sorte
673 996 797 1034 quam
832 980 985 1022 Persae
1024 981 1101 1022 sub
1134 997 1233 1037 rege
1265 981 1447 1022 vivatis?

39 1060 71 1085 15
92 1038 183 1080 Elis
223 1040 334 1080 enim
375 1040 419 1080 in
451 1041 555 1081 sella
586 1041 699 1095 regis
733 1040 971 1081 consedisse
1004 1040 1161 1095 capital
1193 1042 1324 1095 foret,
1366 1041 1444 1082 tibi

92 1099 218 1140 saluti
257 1099 366 1140 fuit'.
428 1098 605 1140 Postero
645 1100 711 1140 die
754 1100 996 1141 convocatis
1030 1100 1177 1142 amicis
1211 1101 1446 1154 copiarum-
1475 1117 1517 1147 18

92 1173 173 1213 que
218 1158 395 1199 ducibus
440 1159 709 1212 pronuntiari
754 1159 898 1214 iussit,
948 1159 1089 1214 ipsum
1135 1160 1295 1215 omnia,
1339 1174 1447 1214 quae

92 1219 247 1259 amissa
285 1220 443 1271 essent,
484 1219 758 1260 redditurum.
822 1218 880 1260 Et
911 1219 1122 1273 promisso
1155 1219 1259 1261 fides
1292 1220 1445 1261 extitit.

90 1276 201 1318 Nam
225 1276 489 1319 Sisimithres
522 1278 657 1319 multa
690 1278 880 1320 iumenta
911 1281 952 1320 et
981 1280 1237 1320 camelorum
1264 1291 1296 1320 ΙΙ
1328 1279 1448 1320 1111113
1476 1295 1516 1326 19

38 1358 71 1382 20
92 1336 267 1378 adduxit
299 1351 537 1391 pecoraque
571 1341 612 1378 et
643 1340 851 1379 armenta:
888 1353 995 1392 quae
1029 1339 1256 1380 distributa
1287 1339 1447 1393 pariter

91 1395 272 1437 militem
305 1399 347 1437 et
380 1397 533 1438 damno
566 1400 607 1438 et
639 1397 751 1438 fame
782 1397 1082 1439 liberaverunt.
1139 1398 1232 1439 Rex
1265 1398 1445 1453 gratiam
1473 1415 1517 1446 20

92 1455 174 1496 sibi
217 1457 392 1497 relatam
427 1471 451 1496 3
484 1455 726 1498 Sisimithre
764 1458 976 1511 perlaetus
1016 1472 1089 1498 sex
1130 1458 1293 1499 dierum
1327 1460 1447 1499 cocta

92 1515 250 1557 cibaria
280 1516 388 1556 ferre
421 1515 578 1557 milites
611 1516 746 1569 iussit,
780 1516 906 1558 Sacas
940 1520 1101 1571 petens.
1158 1517 1310 1559 Totam
1339 1519 1447 1559 hanc

91 1574 307 1630 regionem
355 1574 638 1630 depopulatus
671 1588 765 1616 XXX
805 1576 923 1617 milia
959 1591 1161 1631 pecorum
1200 1592 1251 1618 ex
1289 1577 1446 1631 praeda

38 1654 70 1679 25
92 1633 326 1675 Sisimithri
358 1633 468 1675 dono
502 1635 584 1677 dat.

21 1700 70 1734 16
179 1691 283 1735 Inde
315 1694 509 1747 pervenit
540 1695 583 1736 in
616 1695 853 1750 regionem,
896 1695 964 1737 cui
998 1694 1223 1751 Oxyartes,
1257 1699 1445 1751 satrapes
1472 1714 1513 1744 ‘21

90 1752 259 1806 nobilis,
291 1756 493 1806 praeerat,
527 1755 600 1808 qui
633 1769 675 1795 se
706 1755 819 1810 regis
852 1755 1056 1809 potestati
1082 1755 1266 1809 fideique
1292 1756 1445 1810 permi-

91 1812 156 1852 sit.
218 1811 296 1853 Ille
340 1812 518 1867 imperio
561 1813 599 1854 ei
642 1814 807 1855 reddito
846 1814 959 1855 haud
996 1815 1178 1869 amplius
1221 1830 1364 1869 quam,
1398 1818 1445 1856 ut

188 1980 207 2010 3
235 1976 559 2023 conloquentibus]
587 1978 854 2013 collocantibus
881 1983 920 2013 V.
1008 1979 1157 2026 similis]
1185 1979 1324 2014 similes
1351 1983 1444 2013 BFL

91 2034 181 2058 corr.
280 2028 300 2057 4
327 2025 574 2069 deprenderat
599 2029 640 2059 P:
669 2026 965 2070 deprehenderat
986 2031 1017 2061 C.
1118 2032 1138 2061 5
1166 2029 1274 2062 male
1301 2029 1443 2062 susten-

91 2073 176 2104 13115
201 2073 346 2116 scripsi:
375 2074 586 2107 sustentans
613 2076 651 2106 A.
730 2077 750 2107 8
777 2074 924 2120 exiluit]
952 2075 1099 2109 exiliuit
1124 2078 1228 2109 BFP.
1306 2080 1348 2109 13
1376 2075 1443 2109 Ec-

93 2118 198 2164 quid]
226 2119 360 2163 eoquid
386 2123 425 2154 V.
536 2120 675 2166 inquit]
702 2120 834 2165 inquid
859 2125 899 2156 V.
1006 2127 1048 2156 16
1076 2123 1357 2168 copiarumque]
1385 2134 1444 2157 co-

91 2165 236 2208 piarum
262 2170 297 2201 P.
385 2171 428 2200 22
454 2167 628 2214 relatam]
655 2168 823 2203 relictam
850 2173 885 2203 P.
973 2170 1010 2215 a]
1036 2170 1084 2203 ha
1110 2174 1149 2203 V.
1234 2170 1443 2204 Sisimithre

91 2214 236 2257 scripsi:
259 2214 468 2248 sisimethre
484 2219 521 2249 Δ.
620 2215 809 2260 perlaetus
829 2218 959 2261 scripsi
967 2233 974 2252 ε
995 2217 1187 2261 praefatus
1208 2221 1247 2252 A.
1322 2218 1442 2263 cocta]

94 2263 222 2294 coacta
242 2264 277 2302 P,
305 2264 434 2295 comta
453 2266 489 2304 L,
518 2264 623 2298 cacta
642 2266 667 2296 B
688 2274 777 2298 corr.
799 2267 825 2297 F
845 2275 933 2299 corr.
1016 2268 1059 2299 23
1087 2265 1198 2299 Sacas
1218 2266 1441 2300 Frobenius:

93 2318 201 2352 sagas
228 2311 264 2350 P,
292 2320 399 2353 sagos
422 2313 453 2343 c.
568 2313 698 2355 petens
724 2315 758 2344 1:
795 2314 985 2355 petentem
1011 2315 1050 2346 A.
1171 2316 1214 2346 25
1242 2312 1442 2346 Sisimithri

91 2356 237 2399 scripsi:
265 2355 466 2391 sisimethri
498 2362 537 2392 A.
613 2362 656 2392 26
686 2359 865 2403 Oxyartes
890 2360 1027 2394 Aldus:
1055 2359 1304 2394 cohortandus
1331 2363 1370 2393 A.
