1610 2522
149 121 228 159 ΙΗΗ
647 123 686 161 Q.
715 120 855 154 ffl'R'l‘i
889 121 993 155 MP!

140 229 280 283 ipsum
310 230 456 270 sedens
485 244 616 283 equos
645 230 829 284 regebat,
863 230 982 271 hasta
1010 232 1236 272 transfixus
1271 236 1344 272 est.
1410 231 1498 274 Nec

140 292 212 329 aut
252 287 402 329 Persae
441 292 515 330 aut
556 288 806 330 Macedones
846 289 1109 343 dubitavere,
1152 292 1254 344 quin
1298 292 1386 345 ipse
1425 306 1496 333 rex

67 358 110 388 29
139 351 249 389 esset
283 349 458 389 occisus.
524 348 640 404 Ergo
674 349 844 403 lugubri
879 350 1043 390 ululatu
1089 352 1131 390 et
1164 350 1382 392 incondito
1417 352 1497 392 cla-

137 422 255 448 more
288 408 537 462 gemituque
571 412 703 449 totam
740 410 826 448 fere
860 409 990 449 aciem
1027 409 1165 449 adhuc
1198 425 1333 464 aequo
1362 410 1496 452 Marte

137 467 423 522 pugnantium
452 467 675 508 turbavere
704 468 873 523 cognati
899 467 1023 509 Darei
1052 472 1094 508 et
1121 470 1331 524 armigeri.
1396 470 1494 511 Lae—
1536 486 1550 509 5

137 540 322 580 vumque
363 541 493 567 cornu
534 528 577 567 in
615 529 760 581 fugam
803 527 980 568 effusum
1024 528 1273 569 destituerat
1314 543 1497 583 currum,

137 600 263 639 quem
298 601 321 626 a
354 586 501 627 dextra
527 589 647 640 parte
682 587 827 641 stipati
863 587 905 627 in
933 587 1117 627 medium
1148 602 1298 643 agmen
1334 602 1498 643 recepe-

64 656 109 686 30
135 648 246 686 runt.
322 644 489 686 Dicitur
533 647 702 687 acinace
748 647 898 687 stricto
947 646 1108 687 Dareus
1159 647 1393 700 dubitasse,
1444 664 1496 689 an

135 706 261 759 fugae
290 704 470 746 dedecus
493 705 671 747 honesta
698 710 834 747 morte
861 707 1032 746 vitaret:
1061 706 1132 747 sed
1154 706 1342 748 eminens
1371 722 1494 750 curru

134 764 324 805 nonduin
360 779 529 806 omnem
559 780 731 806 suorum
768 766 899 806 aciem
929 766 1093 819 proelio
1121 766 1395 807 excedentem
1430 767 1495 808 de·
1520 783 1551 806 ιο

63 834 104 864 31
135 823 310 864 stituere
338 824 625 877 erubescebat,
660 824 845 879 dumque
881 826 989 866 inter
1021 839 1139 879 spem
1174 829 1216 866 et
1241 825 1494 880 desperatio-

135 897 231 924 nem
274 883 475 936 haesitat,
527 885 682 925 sensim
727 883 879 926 Persae
922 884 1129 926 cedebant
1170 888 1211 925 et
1252 886 1498 926 laxaverant

136 942 316 984 ordines.
392 942 635 985 Alexander
687 946 850 985 mutato
896 958 1006 998 equo
1050 969 1104 973 ——
1148 945 1306 999 quippe
1354 946 1496 998 plures

135 1003 391 1057 fatigaverat
411 1028 467 1032 —
488 1004 777 1044 resistentium
807 1003 983 1044 adversa
1010 1018 1081 1044 ora
1102 1004 1304 1057 fodiebat,
1331 1004 1496 1059 fugien-

64 1072 107 1102 3-2
135 1062 243 1102 tium
274 1064 404 1117 terga.
469 1061 644 1116 Iamque
677 1077 760 1103 non
796 1078 953 1117 pugna,
986 1063 1058 1104 sed
1085 1063 1231 1105 caedes
1264 1067 1364 1113 erat,
1399 1077 1549 1104 cu1n15

135 1120 299 1162 Dareus
327 1136 497 1176 quoque
526 1137 697 1163 currum
731 1137 854 1163 suum
890 1123 931 1163 in
964 1123 1110 1178 fugam
1139 1123 1277 1163 vertit.
1340 1122 1495 1165 Haere-

135 1181 209 1221 bat
242 1181 285 1221 in
319 1182 450 1237 tergis
477 1182 733 1237 fugientium
770 1183 918 1237 victor,
952 1182 1024 1223 sed
1050 1185 1323 1236 prospectum
1353 1183 1494 1223 oculo-

134 1255 229 1281 rum
267 1240 402 1281 nubes
435 1241 642 1295 pulveris,
683 1256 790 1295 quae
830 1241 880 1282 ad
921 1243 1083 1283 caelum
1118 1242 1388 1295 efferebatur,
1426 1242 1493 1283 ab·

62 1310 106 1342 33
134 1301 328 1341 stulerat:
369 1315 470 1355 ergo
510 1301 621 1342 haud
662 1316 782 1342 secus
823 1316 947 1355 quani
991 1301 1032 1342 in
1073 1300 1259 1342 tenebris
1298 1300 1495 1342 errabant

135 1359 187 1400 ad
227 1374 379 1401 sonum
418 1363 544 1401 notae
585 1361 699 1401 vocis
740 1364 812 1401 aut
852 1360 1022 1416 signum
1063 1360 1241 1402 subinde
1281 1364 1491 1402 coeuntes.
1515 1377 1548 1400 20

132 1418 433 1460 Exaudiebant
471 1422 613 1461 tamen
647 1421 850 1474 strepitus
884 1420 1165 1472 habenarum,
1204 1420 1360 1473 quibus
1394 1420 1491 1474 equi

134 1493 303 1519 currum
348 1479 548 1520 vehentes
592 1479 822 1520 identidem
867 1480 1214 1521 verberabantur:
1257 1478 1361 1520 haec
1403 1480 1493 1520 sola

134 1537 341 1593 fugientis
373 1539 555 1594 vestigia
588 1542 765 1593 excepta
799 1542 907 1580 sunt.

33 1600 118 1636 XVI
229 1596 287 1638 At
322 1598 364 1638 in
396 1599 517 1640 laevo
546 1598 825 1639 Macedonum
859 1612 990 1639 cornu
1028 1622 1076 1626 —
1113 1597 1350 1650 Parmenio,
1383 1599 1493 1640 sicut
1513 1603 1564 1634 60

135 1660 232 1697 ante
265 1661 324 1698 est
349 1657 524 1712 dictum,
558 1658 757 1699 tuebatur
790 1683 843 1686 -
878 1659 1005 1713 longe
1033 1658 1114 1698 alia
1140 1658 1311 1698 fortuna
1338 1657 1491 1699 utrius·
1514 1674 1546 1698 25

135 1731 217 1769 que
245 1717 380 1771 partis
411 1732 477 1757 res
506 1717 743 1772 gerebatur.
808 1716 1005 1758 Mazaeus
1038 1731 1133 1758 cuni
1168 1718 1283 1757 omni
1317 1731 1491 1758 suorum

135 1776 328 1829 equitatu
381 1776 656 1817 vehementer
708 1777 899 1817 invectus
951 1776 1161 1831 urguebat
1211 1776 1490 1817 Macedonum

229 1956 248 1985 2
276 1955 339 1986 aut
366 1953 603 1998 Macedones]
632 1955 698 1987 aut
728 1964 794 1997 per
824 1952 1045 1987 Macedones
1071 1956 1107 1985 F.
1237 1955 1256 1984 3
1283 1950 1490 1996 incondito]

134 1999 311 2034 ncondito
332 2004 357 2033 P
380 2013 422 2035 m.
438 2012 496 2044 pr.
585 2005 604 2034 5
632 1999 799 2045 cognati]
827 1999 966 2043 cogniti
989 2004 1013 2033 P
1036 2013 1078 2033 m.
1092 2012 1151 2044 pr.
1240 1998 1489 2043 Laevumque]

133 2046 314 2091 laeuoque
340 2052 366 2081 P
391 2060 436 2082 m.
454 2059 511 2092 pr.
641 2051 660 2081 6
688 2058 800 2081 cornu
827 2059 893 2081 one.
921 2051 956 2080 Β.
1079 2046 1252 2092 effusum]
1285 2045 1438 2080 effusam
1466 2050 1492 2079 P

135 2106 177 2127 m.
194 2107 252 2138 pr.
375 2095 612 2140 destituerat]
647 2094 893 2129 destituerant
923 2099 948 2128 P
971 2108 1011 2128 m.
1028 2106 1087 2139 pr.
1211 2098 1228 2127 7
1257 2094 1490 2139 receperunt]

132 2146 376 2186 recooperunt
403 2147 473 2177 PV.
599 2146 641 2176 13
669 2153 763 2186 equo
790 2146 822 2175 1:
851 2154 923 2186 quo
951 2145 989 2175 A.
1109 2145 1150 2175 14
1177 2140 1360 2186 fodiebat]
1388 2141 1490 2175 fode-

132 2189 197 2222 bat
223 2193 249 2222 P
269 2202 312 2223 m.
330 2202 388 2235 pr.
491 2194 531 2224 16
559 2190 682 2236 suum]
710 2201 789 2223 suni
817 2193 842 2223 1.
861 2202 906 2224 m.
925 2202 981 2234 Jtr.
1083 2192 1124 2223 18
1151 2188 1311 2234 caelum]
1339 2188 1488 2223 caedem

132 2240 158 2269 P
181 2249 222 2270 m.
241 2249 298 2280 pr.
399 2237 621 2272 offerebatur
647 2238 841 2272 Heinsius:
879 2237 1108 2271 referebatur
1133 2240 1172 2270 A.
1272 2239 1315 2269 20
1342 2236 1489 2282 sonum]

133 2294 309 2317 sonuum
331 2289 366 2318 P.
481 2285 608 2331 notae]
635 2286 743 2319 nocte
762 2288 802 2317 V.
914 2284 993 2331 aut]
1021 2283 1113 2318 haut
1131 2287 1171 2325 V,
1199 2284 1297 2318 haud
1325 2287 1350 2316 P
1371 2295 1489 2328 n1.pr.

133 2335 176 2365 24
207 2332 268 2377 At]
297 2332 343 2366 ad
370 2336 408 2366 V.
539 2332 748 2378 Parmenio]
781 2332 996 2376 parmoenio
1028 2335 1063 2365 P.
1190 2335 1233 2365 25
1267 2336 1315 2365 est
1347 2331 1489 2365 dietum

130 2380 277 2422 scr-mss:
315 2379 455 2414 dictum
484 2384 522 2414 A.
623 2383 666 2414 ‘26
693 2379 865 2414 Mazaeus
894 2381 1029 2415 Aldus:
1058 2390 1204 2413 mazeus
1231 2382 1268 2412 Δ.
