1610 2522
346 113 677 148 HISTORIARL'M
704 112 986 147 ALEXANDRI
1012 112 1072 154 VI,
1101 117 1131 146 ὁ.
1155 115 1184 145 C.
1367 110 1446 152 169

89 238 229 264 rerum
257 226 392 264 iamae
419 237 563 278 parem
592 222 726 265 oculis
749 222 1028 276 perlustrans:
1063 221 1221 274 quippe
1248 220 1447 261 omnibus

90 282 280 323 barbaris
312 282 356 323 in
389 296 615 336 corporum
650 282 871 323 maiestate
904 280 1120 322 veneratio
1154 283 1238 330 est,
1273 295 1448 335 magno-

89 357 268 407 rumque
303 356 476 396 operum
510 356 596 382 non
629 341 735 382 alios
768 355 942 394 capaces
975 343 1147 394 putant,
1180 354 1307 393 quam
1341 354 1447 393 quos

92 401 246 442 eximia
297 401 435 456 specie
481 401 636 442 donare
681 403 833 441 natura
878 400 1051 455 dignata
1097 401 1171 440 est
1249 398 1447 440 Ceterum
1475 411 1519 441 30

55 478 70 501 5
91 460 366 516 interrogata,
402 476 503 501 num
539 461 701 513 aliquid
733 463 875 514 petere
911 459 1055 512 vellet,
1088 458 1201 499 haud
1235 458 1449 500 dubitavit

92 520 213 560 fateri
248 520 300 560 ad
333 520 707 561 communicandos
741 534 836 561 cum
869 533 968 574 rege
1003 518 1161 559 liberos
1195 533 1238 559 se
1271 519 1448 572 venisse,

93 579 276 634 dignam,
309 594 359 620 ex
388 593 470 633 qua
503 580 592 634 ipse
627 579 747 633 regni
774 581 996 634 generaret
1026 577 1219 619 heredes:
1253 553 1448 619 feminini

92 652 216 680 sexus
258 653 302 679 se
344 641 621 693 retenturam,
663 653 823 679 marem
867 637 1128 679 reddituram
1168 638 1290 690 patri.
1353 636 1450 679 Ale-
1477 650 1519 680 31

91 698 260 750 xander,
294 713 346 739 an
380 712 474 738 cum
503 698 596 753 ipso
628 697 813 739 militare
839 698 979 750 vellet,
1012 697 1267 752 interrogat:
1300 700 1344 738 at
1375 698 1450 738 illa

39 774 72 798 ιο
92 761 281 810 causata,
322 758 412 798 sine
446 757 620 799 custode
652 771 830 813 regnum
865 757 1104 810 reliquisse,
1136 759 1280 810 petere
1312 772 1449 810 perse-

92 816 277 870 verabat,
307 831 360 858 ne
394 831 436 858 se
468 817 642 858 inritam
675 816 766 871 spei
800 816 914 857 abire
947 818 1173 883 pateretur.
1219 815 1373 858 Acrior
1399 817 1451 857 ad
1478 828 1522 858 32

92 890 284 917 venerem
324 875 507 917 feminae
549 876 703 930 cupido
743 891 869 930 quam
908 877 1040 931 Iegis,
1081 877 1128 916 ut
1161 890 1319 929 paucos
1362 876 1450 917 dies

92 935 354 989 subsisteret,
386 937 586 990 perpulit.
647 947 732 976 XIII
765 935 853 976 dies
892 935 936 976 in
969 935 1219 989 obsequium
1253 934 1450 977 desiderii

93 995 182 1036 eius
216 995 431 1049 absumpti
466 998 575 1036 sunt.
615 995 724 1036 Tum
756 995 830 1036 illa
862 1009 1042 1050 regnum
1076 1009 1214 1047 suum,
1246 1009 1319 1034 rex
1352 994 1450 1035 Par-

40 1071 71 1095 15
92 1054 265 1096 thienen
297 1055 551 1109 petiverunt.

22 1116 71 1151 20
182 1113 264 1155 Hic
284 1129 384 1155 vero
405 1114 546 1168 palam
574 1113 831 1168 cupiditates
860 1128 956 1154 suas
979 1113 1106 1155 solvit
1127 1114 1451 1154 continentiam·
1472 1118 1523 1153 VI

94 1187 173 1226 que
206 1176 248 1214 et
279 1173 626 1227 moderationem,
658 1174 704 1214 in
735 1173 944 1214 altissima
964 1187 1131 1227 quaque
1158 1172 1332 1214 fortuna
1352 1174 1452 1214 emi-

93 1234 236 1273 nentia
270 1232 393 1286 bona,
425 1234 468 1274 in
502 1232 746 1287 superbiam
778 1246 826 1274 ac
857 1233 1074 1274 lasciviam
1096 1232 1236 1273 vertit.
1283 1231 1452 1274 Patrios
1479 1245 1498 1274 2

94 1306 233 1333 mores
285 1292 641 1347 disciplinamque
691 1291 971 1333 Macedonum
1022 1306 1171 1347 regum
1223 1292 1453 1333 salubriter

40 1368 72 1391 ρο
93 1353 373 1406 temperatam
408 1354 448 1393 et
475 1352 640 1393 civilem
675 1351 870 1393 habitum
898 1352 1015 1392 velut
1046 1351 1207 1392 leviora
1239 1351 1452 1407 magnitu-

94 1409 190 1451 dine
225 1426 299 1452 sua
333 1412 488 1453 ducens
514 1411 709 1452 Persicae
741 1412 883 1467 regiae
914 1425 991 1464 par
1024 1410 1199 1452 deorum
1234 1411 1452 1464 potentiae

93 1470 313 1525 fastigium
377 1471 690 1512 aemulabatur:
752 1470 888 1512 iacere
949 1469 1071 1511 humi
1126 1470 1452 1512 venerabundos
1480 1482 1500 1511 3

94 1531 235 1583 ipsum
274 1531 565 1585 paulatimque
609 1529 835 1571 servilibus
876 1529 1126 1570 ministeriis
1164 1532 1229 1570 tot
1267 1530 1452 1572 victores

95 1589 287 1643 gentium
334 1589 508 1630 inbuere
554 1593 594 1630 et
640 1589 818 1643 captivis
862 1604 985 1643 pares
1033 1589 1171 1630 facere
1216 1590 1451 1643 expetebat.

41 1667 73 1692 25
94 1647 246 1702 Itaque
290 1663 550 1703 purpureum
600 1649 792 1689 diadema
849 1649 1097 1691 distinctum
1150 1648 1266 1701 albo,
1327 1650 1452 1702 quale
1479 1661 1501 1690 4

95 1707 259 1748 Dareus
291 1708 517 1762 habuerat,
556 1708 685 1762 capiti
725 1707 1006 1750 circumdedit
1037 1711 1283 1762 vestemque
1318 1707 1452 1750 Persi·

96 1782 186 1807 cam
221 1768 416 1821 sumpsit,
447 1783 499 1808 ne
534 1782 656 1808 omen
681 1768 851 1821 quidem
885 1768 1057 1820 veritus,
1091 1767 1205 1821 quod
1226 1783 1250 1809 a
1276 1768 1454 1809 victoris

193 1902 209 1929 1
238 1896 486 1942 perlustrans]
514 1895 744 1941 perlustrant
770 1900 804 1929 P.
905 1900 924 1930 3
952 1896 1104 1942 putant]
1129 1898 1263 1940 patant
1288 1900 1313 1929 P
1336 1908 1377 1929 m.
1394 1908 1452 1940 pr.

97 1946 114 1975 S
143 1944 389 1989 retenturam]
421 1945 654 1978 recenturam
685 1947 757 1977 FV.
887 1943 1135 1989 reddituram]
1167 1943 1390 1977 retdituram
1416 1947 1452 1976 L.

98 1994 116 2023 9
144 1990 365 2037 interrogat]
391 1991 596 2036 interroget
621 1994 646 2024 P
666 2003 710 2026 m.
729 2003 787 2035 pr.
886 1992 923 2024 at
949 1995 982 2025 1:
1010 1992 1047 2025 et
1072 1994 1112 2024 A.
1213 1994 1255 2025 10
1283 1991 1453 2037 custode]

97 2038 288 2072 custodiae
315 2043 347 2072 c.
434 2042 475 2072 12
501 2040 544 2072 ut
569 2042 610 2071 P:
639 2049 683 2072 ac
708 2041 748 2072 ut
777 2042 809 2071 C.
902 2042 945 2072 14
970 2038 1195 2072 Parthienen
1222 2039 1452 2073 Letellerius:

96 2085 331 2128 parthienem
352 2090 385 2129 c,
411 2086 643 2130 parthyenen
663 2089 698 2119 P.
800 2090 842 2119 16
870 2086 1230 2131 continentiamque]
1256 2087 1455 2120 contenen-

98 2132 263 2176 tiamque
289 2137 324 2166 P.
436 2137 476 2167 17
504 2133 669 2179 fortuna]
695 2133 885 2167 fortunam
911 2137 950 2167 V.
1057 2137 1099 2167 19
1126 2133 1272 2178 regum]
1298 2143 1454 2177 regnum

98 2183 123 2212 P
145 2192 187 2214 m.
203 2192 275 2224 pr..
295 2181 438 2226 regium
460 2185 494 2214 1..
583 2184 626 2214 22
653 2180 936 2215 venerabundos
966 2181 1198 2216 Vindeliuus:
1222 2180 1454 2215 uenerabun-

99 2227 166 2260 dus
193 2231 231 2260 A.
317 2232 359 2261 23
386 2228 619 2273 ministeriis]
645 2228 863 2262 nimisteriis
888 2232 914 2261 P
933 2240 978 2262 m.
994 2240 1053 2272 pr.
1130 2232 1173 2262 24
1201 2227 1400 2271 expetebat
1419 2231 1452 2261 1:

99 2274 320 2318 expectabat
346 2279 384 2309 A.
515 2279 558 2310 25
586 2275 712 2321 quale]
740 2287 854 2319 quare
881 2279 906 2308 P
926 2287 971 2310 m.
986 2288 1045 2320 pr.
1178 2278 1220 2309 26
1254 2274 1453 2320 habuerat]

100 2321 255 2355 abuerat
280 2326 315 2356 L.
416 2327 457 2356 27
486 2334 531 2357 116
559 2334 664 2356 omen
691 2327 723 2356 1:
751 2334 858 2356 nemo
885 2334 960 2356 non
985 2326 1025 2365 A,
1051 2323 1113 2357 sed
1138 2324 1178 2356 sin
1204 2326 1229 2355 P
1257 2328 1387 2356 emono
1414 2323 1455 2356 in

101 2380 169 2403 ras.
195 2381 234 2403 1η.
260 2381 335 2412 fre,
363 2381 473 2413 mque
492 2371 694 2415 ffl‘rspicm·e
714 2372 833 2414 potui.
860 2370 949 2414 quid
977 2383 1018 2404 m.
1034 2382 1093 2414 pr.
1114 2371 1286 2414 §sriptmn
1316 2373 1410 2403 esset.
