1610 2522
52 212 80 247 6

48 761 83 785 10

49 1056 82 1081 15

49 1352 85 1377 20

52 1649 87 1673 25

389 97 723 133 HISTORIARL'M
752 96 1031 131 ALEXANDRI
1063 96 1120 137 VI,
1147 100 1176 130 2.
1376 96 1456 137 157

1474 187 1486 200 2

192 207 304 250 Hinc
336 209 379 248 in
407 207 662 249 Parthienen
696 209 947 261 perventum
980 207 1056 260 est,
1088 208 1191 246 tunc
1223 204 1457 260 ignobilem
1489 215 1529 245 κ.)

101 271 290 323 gentem,
334 281 447 308 nunc
480 269 609 321 caput
641 265 849 318 onmium,
895 265 967 319 qui
999 267 1098 320 post
1132 263 1379 319 Euphraten
1417 266 1458 304 et

101 326 265 382 Tigrim
305 340 446 367 amnes
486 325 555 367 siti
590 325 737 366 Rubro
770 324 878 365 mari
916 324 1210 365 terminantur.
1275 322 1458 377 Scythae
1489 334 1529 363 13

101 387 316 442 regionem
351 388 633 440 campestrem
666 398 712 426 ac
742 384 925 425 fertilem
952 386 1275 437 occupaverant,
1307 396 1458 438 graves

101 446 238 486 adhuc
271 446 449 487 accolae.
502 443 631 486 Sedes
662 444 822 485 habent
855 445 896 484 et
929 444 972 483 in
1000 442 1173 497 Europa
1205 444 1247 483 et
1273 442 1317 482 in
1338 441 1458 482 Asia:

102 504 174 559 qui
217 519 343 559 super
376 504 644 558 Bosphorum
687 504 843 556 colunt,
888 501 1188 545 adscribuntur
1220 500 1360 554 Asiae,
1404 504 1460 554 at,

103 566 174 618 qui
222 564 265 605 in
297 563 469 618 Europa
509 566 624 616 sunt,
670 579 693 604 a
723 564 844 604 laevo
884 561 1088 603 Thraciae
1125 563 1257 602 latere
1297 561 1348 601 ad
1381 560 1459 601 Bo-

101 623 346 678 rysthenem
380 626 505 676 atque
539 623 634 663 inde
667 622 719 663 ad
739 621 916 663 Tanaim
952 621 1100 675 [alium
1125 620 1311 675 amnem]
1345 624 1459 661 recta

102 684 230 738 plaga
250 683 442 724 attinent.
487 681 641 723 Tanais
662 681 879 736 Europam
907 684 949 721 et
969 680 1115 721 Asiam
1142 679 1306 722 medius
1335 680 1461 720 inter·
1490 692 1531 719 14

102 742 207 784 fluit.
272 741 360 782 Nec
394 741 625 796 dubitatur,
670 741 773 794 quin
807 740 1002 795 Scythae,
1044 740 1115 794 qui
1150 739 1333 780 Parthos
1366 753 1461 780 con-

104 801 257 855 didere,
300 816 386 842 non
420 816 442 841 a
475 801 713 856 Bosphoro,
759 800 831 841 sed
870 814 920 841 ex
951 799 1149 853 Europae
1182 799 1357 855 regione
1389 813 1459 853 pe-

102 860 374 902 netraverint.
398 859 509 901 Urbs
530 863 620 901 erat
641 875 688 902 ea
709 862 963 914 tempestate
985 860 1098 900 clara
1112 858 1459 912 Hecatompylos,
1490 870 1531 898 15

104 920 274 962 condita
306 935 329 961 a
363 919 552 961 Graecis:
589 919 647 960 ibi
680 920 835 960 stativa
868 933 941 959 rex
969 918 1120 960 habuit
1151 917 1460 959 commeatibus

104 979 291 1034 undique
324 979 521 1020 advectis.
585 978 734 1032 Itaque
768 993 924 1032 rumor,
958 978 1083 1019 otiosi
1118 978 1269 1018 militis
1297 977 1461 1031 vitium,

104 1039 194 1080 sine
227 1043 399 1080 auctore
430 1038 704 1093 percrebruit,
736 1052 879 1093 regem
908 1040 1157 1079 contentum
1184 1037 1322 1090 rebus,
1356 1051 1461 1090 quas

105 1098 327 1154 gessisset,
379 1099 422 1138 in
466 1097 759 1139 Macedoniam
810 1098 1008 1152 protinus
1059 1096 1195 1138 redire
1249 1097 1460 1137 statuisse.

104 1157 361 1199 Discurrunt
392 1157 627 1213 lymphatis
669 1157 828 1198 similes
862 1158 903 1197 in
938 1156 1213 1198 tabernacula
1245 1159 1286 1196 et
1319 1155 1460 1196 itineri

105 1217 291 1258 sarcinas
325 1219 490 1271 aptant:
525 1217 694 1271 signum
728 1217 874 1257 datum
908 1216 1109 1268 crederes,
1142 1217 1189 1256 ut
1216 1229 1314 1255 vasa
1343 1214 1460 1257 colli-
1492 1226 1532 1256 16

106 1279 253 1331 gerent
284 1278 387 1317 totis
413 1277 575 1318 castris.
627 1275 853 1317 Tumultus
880 1275 980 1316 hinc
1007 1274 1331 1316 contubernales
1362 1288 1474 1315 suos-

104 1335 429 1390 requirentium,
473 1335 574 1377 hinc
618 1335 883 1377 onerantium
931 1336 1122 1389 plaustra
1164 1333 1377 1388 perfertur
1410 1333 1459 1374 ad

104 1409 259 1450 regem.
322 1394 526 1436 Fecerant
556 1395 683 1436 fidem
716 1395 877 1435 rumori
909 1397 1065 1435 temere
1102 1393 1277 1448 vulgato
1313 1391 1462 1434 Graeci
1492 1405 1532 1434 17

107 1454 266 1495 milites
298 1454 434 1495 redire
468 1454 571 1495 iussi
605 1455 771 1495 domos:
815 1468 997 1507 quorum
1032 1452 1246 1507 equitibus
1281 1452 1461 1508 singulis

108 1513 326 1554 denarium
359 1527 457 1554 sena
489 1513 606 1554 milia
640 1528 727 1554 cum
762 1514 861 1554 data
891 1517 1029 1563 essent,
1054 1512 1266 1566 peditibus
1296 1511 1462 1565 sinffltla

106 1573 244 1626 milia,
293 1572 397 1626 ipsis
442 1587 609 1627 quoque
648 1573 774 1613 finem
823 1572 1001 1613 militiae
1040 1572 1185 1613 adesse
1223 1571 1462 1612 credebant.

108 1631 235 1672 Haud
267 1645 398 1675 secus,
438 1647 563 1686 quam
597 1647 674 1686 par
707 1635 808 1683 erat.
850 1632 1036 1685 territus,
1070 1632 1141 1685 qui
1174 1630 1302 1672 Indos
1336 1634 1462 1684 atque
1494 1641 1533 1671 18

205 1743 222 1771 1
250 1737 475 1770 Parthienen
496 1741 528 1770 I:
556 1736 791 1780 parthienem
811 1740 850 1771 A.
950 1740 969 1769 '2
998 1736 1125 1782 caput]
1153 1736 1274 1780 capud
1296 1740 1322 1769 P
1342 1748 1386 1769 m.
1403 1748 1461 1780 pr.

109 1788 129 1819 3
156 1784 314 1830 Tigrim]
338 1784 477 1829 tygrim
498 1787 570 1817 BV.
647 1783 822 1830 Scythae]
845 1783 1024 1827 schythae
1039 1787 1074 1817 F,
1151 1788 1172 1817 4
1200 1782 1462 1828 campestrem]

108 1835 357 1876 campestram
372 1835 407 1865 L.
483 1833 753 1876 occupaverant
772 1832 918 1876 scripsi:
940 1833 1217 1875 occupauerunt
1235 1834 1274 1864 A.
1350 1835 1369 1864 5
1392 1830 1463 1864 Eu-

107 1879 216 1925 ropa]
244 1890 357 1923 erupa
386 1883 411 1912 P
434 1892 476 1913 m.
495 1891 565 1923 pr„
592 1889 729 1923 eoropa
754 1883 793 1912 V.
907 1883 925 1912 6
952 1880 1008 1921 at,
1041 1878 1121 1924 qui]
1149 1881 1262 1921 atque
1289 1882 1313 1911 P
1342 1890 1383 1911 m.
1402 1890 1461 1922 pr.

110 1930 129 1960 7
145 1926 325 1961 Thraciae
340 1931 378 1960 C:
395 1926 596 1961 Thraeciae
611 1930 644 1960 P.
720 1926 988 1970 Borysthenem
1005 1926 1145 1960 Lauerz
1162 1925 1413 1960 boristhenem
1426 1929 1462 1967 P,

108 1973 334 2008 boristenem
362 1978 393 2007 0.
493 1978 512 2007 8
546 1974 678 2019 [alium
705 1974 867 2019 amnem]
894 1974 960 2008 del.
996 1975 1112 2018 Voyel.
1212 1976 1231 2006 9
1258 1973 1461 2018 Europam]

108 2021 301 2065 europiam
328 2025 363 2055 P.
476 2025 517 2055 10
546 2021 705 2065 Scythae
731 2025 764 2055 1:
792 2021 933 2055 scithae
961 2024 986 2054 B
1009 2033 1050 2055 m.
1067 2032 1125 2066 pr.
1148 2025 1185 2063 P,
1214 2020 1327 2054 scitae
1355 2023 1461 2053 FLV.

113 2072 154 2102 1⁴2
171 2068 460 2113 Hecatompylos
472 2069 693 2103 Frobenius:
715 2068 1050 2113 haecathonphilos
1065 2071 1102 2102 A.
1182 2071 1223 2101 13
1239 2067 1390 2113 stativa]

111 2115 287 2150 statiuam
308 2120 343 2149 P.
421 2121 463 2149 14
485 2116 608 2161 otiosi]
630 2116 745 2150 ociosi
764 2119 836 2149 PV.
911 2115 1059 2161 vitium]
1080 2116 1219 2149 uicium
1237 2119 1261 2148 L
1284 2127 1325 2148 m.
1342 2127 1400 2159 pr.
1423 2118 1462 2147 V.

114 2166 155 2196 15
170 2163 401 2207 percrebruit
415 2165 588 2197 Zarotus:
607 2163 819 2207 percrebuit
833 2166 871 2196 A.
947 2163 1179 2208 contentum]
1195 2164 1423 2196 contemtum
1438 2165 1463 2194 B

111 2221 230 2254 mpr.
252 2214 292 2244 V.
368 2214 408 2244 17
435 2210 656 2256 lymphatis]
684 2210 877 2254 limphatis
904 2214 1011 2244 FLV.
1096 2212 1139 2244 in
1167 2209 1409 2244 tabernacula
1433 2214 1462 2241 1:

113 2256 355 2291 tabernacula
382 2261 420 2291 A.
511 2258 651 2303 itineri]
679 2258 822 2292 itineris
850 2263 882 2291 C.
980 2261 1023 2291 23
1050 2270 1138 2291 cnm
1168 2258 1273 2292 data
1306 2261 1463 2293 essent,

107 2304 342 2348 pedifibus
375 2306 556 2350 siwyztla
590 2306 716 2339 milia
745 2306 885 2339 addidi.
1009 2309 1052 2338 25
1079 2316 1147 2348 par
1180 2304 1273 2350 erat]
1305 2303 1463 2348 parabat

114 2354 140 2383 P
159 2363 203 2385 m.
220 2363 277 2396 pr.
375 2353 542 2398 territus]
569 2353 718 2386 territos
745 2356 769 2385 P
789 2364 833 2386 sm.
849 2364 908 2397 pr.
1008 2352 1134 2397 atque]
1164 2352 1285 2395 adque
1312 2355 1346 2384 L.
