1610 2522
85 804 115 829 10

373 138 707 175 HISTORIARUM
733 139 1016 173 ALEXANDltl
1044 138 1136 181 vm,
1165 143 1195 173 6.
1220 143 1249 173 7.
1405 139 1489 179 277

135 251 246 291 ultra
279 252 406 304 negat
433 249 699 290 audiendum.
751 247 843 289 Rex
869 248 1052 289 inhibito
1080 250 1201 302 patre
1229 247 1365 288 dicere
1386 247 1492 288 Her—
1519 261 1538 288 η·

136 311 321 350 molaum
356 309 484 361 iubet,
519 323 624 362 quae
658 323 708 349 ex
740 308 947 363 magistro
981 307 1199 349 didicisset
1220 306 1490 348 Callisthene.

138 369 192 409 Et
226 368 497 410 Hermolaus:
544 368 697 421 ‘Utor’‚
737 369 895 422 inquit,
941 367 1162 408 ‘beneficio
1202 369 1276 408 tuo
1310 370 1352 407 et
1385 367 1492 421 dico,

136 443 242 482 quae
274 429 432 469 nostris
466 428 588 469 malis
622 427 760 468 didici.
813 426 953 476 Quota
979 441 1076 480 pars
1097 426 1376 467 Macedonum
1406 441 1490 467 sae·
1518 439 1538 469 4

134 489 262 529 vitiae
300 490 397 528 tuae
436 487 655 541 superest?
705 489 860 540 quotus
904 486 1073 540 quidem
1107 500 1193 527 non
1227 501 1248 525 e
1282 486 1491 527 vilissimo

136 548 371 602 sanguine?
421 546 594 588 Attalus
640 549 681 587 et
719 546 910 587 Philotas
956 548 997 587 et
1038 545 1262 586 Parmenio
1309 548 1350 586 et
1382 544 1492 599 Lyn-

136 609 267 648 cestes
290 606 530 647 Alexander
561 609 601 646 et
624 605 774 654 Clitus,
809 608 1015 659 quantum
1045 605 1097 646 ad
1122 604 1267 646 hostes
1293 605 1490 659 pertinet,

135 666 296 720 vivunt,
325 669 438 707 stant
471 667 514 707 in
542 666 630 707 acie
658 669 699 706 et
728 666 874 719 clipeis
902 667 989 705 suis
1016 667 1058 705 te
1085 667 1320 720 protegunt
1347 668 1388 706 et
1414 679 1490 718 pro

136 727 272 780 gloria
304 729 388 779 tua,
430 740 505 779 pro
539 725 716 766 victoria
748 726 921 766 vulnera
955 725 1183 778 excipiunt.
1248 723 1412 773 Quibus
1445 727 1492 764 tu
1519 757 1526 765 ,

135 785 348 841 egreoiam
370 786 548 841 gratiam
572 784 794 826 rettulisti:
818 785 924 825 alius
945 798 1135 824 mensam
1151 787 1268 824 tuam
1285 784 1491 837 sanguine

136 860 211 885 suo
240 845 458 899 adspersit
486 844 594 886 alius
622 859 673 885 ne
700 843 884 898 simplici
912 844 1083 897 quidem
1111 846 1245 884 morte
1267 818 1491 884 defunctus

135 907 210 945 est.
279 904 417 945 Duces
466 905 727 945 exercituum
774 906 945 944 tuorum
990 904 1032 943 in
1078 903 1269 944 eculeum
1316 902 1491 957 inpositi

135 963 274 1005 Persis
285 999 295 1019 7
328 979 433 1018 quos
460 963 666 1017 vicerant,
704 964 822 1004 fuere
856 964 1109 1017 spectaculo
1174 962 1398 1004 Parmenio
1432 963 1493 1003 in-

136 1023 246 1065 dicta
274 1038 399 1064 causa
425 1023 663 1064 trucidatus
690 1025 764 1076 651,
793 1038 868 1076 per
895 1038 1020 1076 quem
1042 1021 1237 1063 Attalum
1266 1023 1491 1063 occideras.

100 1104 114 1127 3
135 1082 321 1124 Invicem
355 1084 467 1124 enim
500 1082 751 1124 miserorum
786 1082 917 1124 uteris
949 1082 1147 1122 manibus
1181 1085 1228 1122 ad
1257 1081 1492 1136 expetenda

136 1142 344 1196 supplicia
371 1145 424 1195 et,
457 1157 563 1196 quos
596 1141 723 1196 paulo
752 1144 849 1182 ante
876 1142 1096 1182 ministros
1124 1141 1264 1182 caedis
1291 1141 1492 1194 habuisti,

136 1202 278 1243 subito
324 1201 375 1242 ab
421 1202 515 1243 aliis
554 1202 675 1243 iubes
714 1201 944 1242 trucidari?
1009 1199 1274 1255 Obstrepunt
1313 1200 1492 1241 subinde

135 1262 277 1303 cuncti
309 1261 557 1314 Hermolao,
603 1263 723 1315 pater
761 1275 888 1315 super
921 1276 1016 1301 eum
1062 1261 1292 1301 strinxerat
1332 1261 1493 1301 ferrum

135 1335 415 1376 percussurus
460 1320 572 1361 haud
620 1320 762 1372 dubie,
806 1321 851 1361 ni
895 1320 1105 1360 inhibitus
1151 1323 1263 1360 esset
1307 1335 1330 1359 a
1376 1334 1492 1375 rege:

137 1381 292 1435 quippe
326 1380 603 1421 Hermolaum
648 1380 784 1420 dicere
828 1380 953 1420 iussit
991 1379 1218 1433 petiitque,
1263 1383 1311 1420 ut
1343 1394 1492 1420 causas

93 1447 110 1478 .“
137 1440 337 1494 supplicii
387 1443 612 1495 augentem
662 1439 875 1494 patienter
925 1439 1131 1479 audirent.
1203 1438 1344 1493 Aegre
1390 1451 1537 1493 ergo

137 1500 330 1541 coercitis
363 1513 509 1540 rursus
543 1498 815 1539 Hermolaus:
860 1498 1009 1548 ‘Quam
1044 1498 1307 1552 liberaliter-’7
1340 1499 1492 1552 inquit,

139 1559 296 1613 ‘pueris
329 1558 506 1599 rudibus
540 1559 591 1599 ad
625 1558 848 1599 dicendum
882 1572 1005 1613 agere
1032 1558 1262 1611 permittis!
1297 1560 1339 1598 at
1367 1556 1492 1599 Calli-

138 1618 300 1659 sthenis
342 1633 424 1659 vox
458 1632 622 1659 carcere
656 1617 820 1659 inclusa
853 1620 933 1669 est,
979 1618 1077 1670 quia
1111 1617 1225 1658 solus
1258 1620 1401 1671 potest
1433 1617 1492 1657 di-

235 1740 250 1768 1
280 1734 457 1780 inhibito]
491 1734 624 1768 inibito
658 1739 693 1768 F.
818 1739 836 1767 2
872 1734 1114 1779 Callisthene]
1149 1734 1353 1769 calisthene
1386 1737 1490 1768 LPV.

139 1787 157 1815 3
185 1782 292 1827 Utor]
320 1783 364 1816 ab
390 1783 454 1817 hoc
480 1784 581 1817 verbo
602 1784 731 1827 incipit
751 1786 790 1816 R.
878 1782 1016 1827 inquit]
1043 1782 1173 1825 inquid
1195 1786 1234 1815 R.
1322 1786 1342 1814 4
1370 1782 1490 1815 Mace·

138 1830 291 1875 donum]
319 1829 561 1864 macedonion
587 1834 616 1862 R
744 1829 937 1875 saevitiae]
965 1829 1150 1863 saeuiciae
1176 1833 1248 1862 LV.
1366 1834 1384 1863 5
1413 1841 1431 1862 e
1458 1833 1488 1863 1:

139 1889 159 1910 a¹
185 1881 260 1911 AR.
373 1882 391 1911 6
420 1877 602 1922 Philotas]
629 1877 804 1921 phylotas
831 1881 908 1919 FL,
934 1877 1097 1921 philotes
1123 1881 1163 1910 R.
1280 1876 1490 1922 Parmenio]

139 1924 354 1968 parmoenio
386 1928 491 1958 FLV.
640 1925 839 1968 Lyncestes
866 1928 898 1958 1:
938 1924 1138 1958 linchestes
1165 1928 1210 1967 A,
1251 1925 1423 1958 lincestes
1451 1928 1489 1958 R.

141 1976 158 2005 7
187 1972 304 2006 Clitus
331 1976 392 2005 ΕΒ
425 1972 544 2016 clytus
578 1975 718 2006 BFPV.
842 1976 861 2005 S
889 1974 926 2006 61
952 1973 1097 2016 scripsi:
1131 1974 1167 2006 te
1200 1976 1238 2005 A.
1345 1971 1491 2016 clipeis]

140 2019 280 2064 clypeis
307 2023 332 2052 Β
361 2032 403 2053 m.
428 2032 483 2063 pr.
511 2023 582 2060 PV,
612 2019 767 2064 clippeis
788 2023 826 2054 R
925 2021 963 2054 te
990 2030 1055 2054 om.
1085 2024 1117 2053 C.
1243 2024 1284 2052 10
1312 2019 1491 2053 rettulisti

142 2068 348 2111 anptius:
370 2067 532 2101 retulisti
554 2071 628 2100 AR.
705 2068 886 2111 sanguine
913 2078 977 2101 5110
1001 2067 1200 2112 adspersit]
1223 2067 1381 2111 aspersit
1408 2077 1491 2100 san-

141 2114 251 2159 guine
279 2125 343 2148 suo
369 2118 409 2147 R
494 2119 533 2148 11
563 2115 623 2160 ne]
650 2125 717 2148 nec
744 2118 783 2148 R.
868 2118 908 2147 13
937 2114 1148 2159 Parmenio]
1175 2115 1391 2158 parmoenio
1418 2117 1489 2147 BF.

143 2165 184 2195 16
212 2161 412 2207 supplicia]
440 2165 476 2196 et
503 2162 688 2206 supplicia
715 2165 740 2194 B
767 2174 810 2196 m.
833 2174 889 2206 pr.
1029 2165 1114 2195 18
1099 2173 1208 2205 super
1236 2174 1318 2195 eum
1344 2163 1489 2206 sciipsi:

142 2219 351 2253 supremum
374 2213 405 2246 G
433 2220 670 2253 suppremum
696 2213 769 2243 PR.
852 2213 893 2242 19
922 2220 942 2242 a
969 2210 1071 2254 rege]
1105 2220 1213 2253 aoere
1239 2213 1278 2242 R.
1365 2213 1407 2243 20
1436 2209 1490 2242 di-

143 2266 222 2290 cere
249 2267 314 2290 om.
336 2260 408 2290 PR.
483 2257 667 2301 petiitque
694 2257 916 2291 Frobemtus:
950 2257 1119 2300 petitque
1146 2260 1222 2289 AR.
1322 2260 1361 2289 ‘21
1393 2257 1490 2300 pat}

143 2304 260 2348 enter]
288 2304 479 2347 pacienter
504 2307 611 2345 FPV,
638 2305 793 2348 paenter
818 2307 843 2336 B
871 2316 914 2338 m.
931 2316 990 2347 pr.
1091 2308 1132 2337 ⁶22
1162 2304 1331 2337 coercitis
1361 2304 1490 2337 Vinde-

144 2352 257 2384 linus:
286 2351 465 2385 coercitus
487 2355 556 2392 GR,
583 2351 791 2385 cohercitus
817 2355 852 2384 P.
956 2354 998 2385 23
1025 2352 1229 2397 permittis]
1256 2351 1423 2394 permitis
1450 2355 1488 2386 V.

143 2398 198 2443 at]
226 2399 261 2432 et
289 2401 357 2431 ΟΒ.
409 2398 647 2433 Callisthenis
670 2402 703 2432 1:
735 2397 950 2433 calisthenis
975 2402 1050 2441 cR,
1077 2398 1292 2433 chalistenis
1315 2402 1350 2433 P.
