1610 2522
100 672 142 700 3⁸

99 970 141 998 39

98 1150 142 1178 40

99 1447 140 1476 41

169 134 254 176 226
667 135 707 176 Q.
736 135 879 170 CURTI
907 134 970 170 RU
978 135 1019 169 FI

169 247 311 285 mento
363 245 554 298 corporis
605 243 825 298 spoliatus.
901 243 1165 298 Spitamenes
1211 260 1307 286 eum
1352 245 1525 288 tenebat

169 302 279 344 collo
312 304 471 344 inserta
503 306 649 344 catena
661 338 671 357 ,
709 306 796 345 tam
830 303 1019 345 barbaris
1059 319 1184 358 quam
1220 304 1523 346 Macedonibus

169 366 338 417 gratum
367 364 668 417 spectaculum.
713 363 822 404 Tum
845 362 1129 417 Spitamenes:
1164 363 1237 405 ‘Et
1269 364 1340 418 te’,
1371 365 1524 419 inquit,

171 423 227 463 ‘et
260 421 464 475 Dareum,
509 436 629 478 reges
672 437 807 476 meos,
851 422 966 463 ultus
1005 423 1319 464 interfectorem
1362 424 1523 466 domini

170 482 234 522 sui
273 481 450 535 adduxi,
488 496 536 523 eo
576 482 702 523 modo
737 486 927 537 captum,
968 483 1087 523 cuius
1121 482 1209 536 ipse
1247 483 1349 523 fecit
1387 498 1524 524 exem·
1563 497 1578 522 5

169 541 298 595 plum.
349 540 527 595 Aperiat
555 541 606 582 ad
635 542 715 583 hoc
743 541 1033 596 spectaculum
1061 541 1206 583 oculos
1228 541 1409 583 Dareus!
1442 543 1525 584 exi-

170 604 255 642 stat
288 601 339 641 ab
373 600 533 654 inferis,
566 601 639 655 qui
672 601 745 642 illo
779 601 990 655 supplicio
1023 601 1224 656 indignus
1256 602 1339 643 fuit
1371 606 1414 643 et
1444 601 1526 643 hoc

170 659 329 701 solacio
375 660 529 715 dignus
574 660 679 701 estI'
760 660 1001 702 Alexander
1044 662 1225 702 multum
1271 660 1526 703 conlaudato

171 718 414 774 Spitamene
442 734 671 762 conversus
699 720 749 760 ad
784 720 982 762 Bessum:
1018 719 1193 773 ‘Cuius',
1219 721 1371 775 inquit,
1398 720 1526 762 ‘ferae

170 779 308 820 rabies
342 779 566 834 occupavit
604 779 791 821 animum
825 782 965 834 tuum,
999 794 1094 821 cum
1121 794 1263 834 regem
1299 780 1348 821 de
1381 783 1422 821 te
1455 795 1524 834 op·
1546 796 1580 820 ιο

170 839 272 880 time
323 840 524 880 meritum
569 839 687 894 prius
739 840 918 892 vincire,
969 839 1119 880 deinde
1165 839 1352 881 occidere
1403 840 1524 881 susti-

169 898 331 939 nuisti?
395 897 477 939 Sed
527 898 653 939 huius
704 899 922 953 parricidii
973 898 1210 940 mercedem
1259 899 1368 940 falso
1412 899 1525 956 regis

170 958 342 1000 nomine
364 958 605 1012 persolvisti
628 958 734 999 tibi.'
793 957 870 999 Ille
890 958 1055 999 facinus
1083 972 1264 1012 purgare
1291 974 1378 1000 non
1398 973 1525 1000 ausus

168 1018 280 1073 regis
316 1017 491 1059 titulum
524 1032 568 1059 se
600 1032 803 1072 usurpare
837 1018 962 1069 dixit,
1007 1021 1054 1059 ut
1085 1021 1257 1073 gentem
1292 1033 1411 1059 suam
1443 1021 1524 1060 tra-

170 1077 265 1118 dere
299 1077 380 1131 ipsi
415 1081 575 1131 posset:
609 1078 786 1132 quippe,
819 1077 853 1117 si
888 1080 1112 1129 cessasset,
1145 1077 1274 1119 alium
1302 1078 1431 1119 fuisse
1464 1093 1523 1119 re·
1546 1093 1578 1118 15

169 1152 302 1191 gnum
343 1140 658 1191 occupaturum.
721 1136 778 1177 Et
810 1136 1050 1178 Alexander
1083 1136 1320 1191 Oxathren,
1351 1138 1524 1179 fratrem

170 1195 310 1250 Darei,
349 1211 471 1250 quem
506 1198 618 1238 inter
651 1198 842 1251 corporis
882 1196 1078 1237 custodes
1119 1196 1315 1249 habebat,
1347 1197 1524 1251 propius

172 1257 294 1297 iussit
331 1256 527 1298 accedere
569 1256 763 1310 tradique
795 1256 973 1297 Bessum
1008 1257 1065 1310 ei,
1103 1260 1151 1297 ut
1191 1257 1304 1298 cruci
1339 1256 1525 1297 adfixum

170 1316 378 1356 mutilatis
417 1316 591 1357 auribus
634 1316 893 1369 naribusque
932 1316 1101 1370 sagittis
1140 1316 1402 1371 configerent
1434 1315 1526 1357 bar-

171 1375 261 1415 bari
293 1375 647 1429 adservarentque
681 1389 847 1430 corpus,
874 1377 921 1415 ut
952 1388 1004 1416 ne
1031 1389 1128 1416 aves
1162 1376 1330 1430 quidem
1365 1376 1524 1417 contin·
1546 1392 1580 1417 20

169 1437 329 1489 gerent.
400 1433 608 1476 Oxathres
654 1438 793 1476 cetera
837 1434 920 1476 sibi
969 1448 1092 1476 curae
1142 1436 1232 1476 fore
1282 1434 1525 1489 pollicetur:

171 1509 265 1535 aves
297 1508 384 1535 non
416 1495 468 1535 ab
502 1495 584 1535 alio
619 1509 744 1549 quam
779 1510 802 1535 a
835 1493 990 1535 Catane
1030 1509 1153 1549 posse
1186 1495 1403 1549 prohiberi
1442 1494 1527 1535 adi-

172 1554 230 1596 cit
274 1554 473 1594 eximiam
512 1555 601 1596 eius
646 1557 780 1595 artem
835 1554 1010 1608 cupiens
1062 1555 1301 1596 ostendere:
1346 1568 1527 1608 namque

171 1613 274 1654 adeo
309 1616 423 1655 certo
457 1615 543 1654 ictu
578 1614 788 1654 destinata
819 1613 1011 1663 feriebat,
1047 1617 1095 1654 ut
1128 1628 1224 1655 aves
1257 1628 1426 1667 quoque
1459 1628 1526 1654 ex-

172 1673 341 1726 ciperet.
410 1673 535 1714 Nunc
583 1673 763 1714 forsitan
815 1673 1065 1728 sagittarum
1117 1673 1271 1714 celebri
1320 1687 1401 1714 usu
1453 1673 1525 1713 mi·
1546 1689 1579 1714 25

172 1747 251 1773 nus
284 1732 546 1773 admirabilis
581 1733 711 1773 videri
745 1748 812 1773 ars
846 1732 949 1774 haec
981 1733 1133 1786 possit:
1166 1736 1257 1774 tum
1285 1733 1434 1787 ingens
1468 1732 1525 1772 vi-

268 1832 285 1860 1
315 1826 564 1871 Spitamenes!
599 1827 816 1870 spitan‘icni>¹
849 1830 874 1859 L
903 1838 1020 1870 m.pr.
1047 1829 1082 1860 P.
1207 1830 1225 1859 3
1253 1824 1525 1870 spectaculuml

172 1873 453 1918 expectaculum
481 1877 512 1907 C.
660 1874 752 1907 Tum
781 1878 818 1907 C:
853 1873 955 1907 Tunc
981 1877 1015 1907 P.
1163 1873 1300 1918 inquit}
1327 1872 1457 1916 inquid
1484 1876 1524 1906 V.

172 1927 192 1955 ε’)
219 1921 444 1966 exemplum}
479 1921 644 1965 exemplo
672 1925 698 1954 F
717 1933 761 1956 m.
781 1933 836 1965 pr.
960 1924 979 1955 6
1007 1921 1053 1955 ad
1081 1921 1165 1966 hoc}
1193 1920 1260 1955 hoc
1288 1924 1314 1953 F
1333 1932 1377 1954 m.
1394 1931 1452 1964 pr.

173 1968 442 2015 spectaculum]
470 1969 751 2013 expectaculum
779 1973 815 2002 F.
934 1972 951 2002 7
979 1968 1064 2014 hoc]
1092 1968 1138 2002 ob
1164 1972 1203 2003 V.
1322 1971 1341 1999 8
1370 1967 1524 2013 solacio]

172 2017 306 2051 ¹<olatio
332 2020 405 2051 PV.
553 2022 571 2049 ’.ι
600 2016 738 2062 inquit]
764 2016 894 2060 inquid
921 2020 960 2049 V.
1109 2021 1152 2050 10
1201 2016 1342 2060 regem]
1375 2025 1463 2059 rege
1488 2019 1523 2048 P.

175 2070 213 2098 11
253 2064 406 2109 vincire]
445 2064 593 2099 uincere
626 2068 652 2097 F
685 2077 728 2098 m.
752 2076 809 2109 pr.
837 2067 873 2098 P.
981 2067 1022 2097 13
1057 2064 1124 2097 tibi
1157 2063 1366 2098 Acidalius:
1407 2062 1458 2096 ibi
1485 2066 1524 2097 A.

175 2116 216 2146 14
250 2112 361 2157 dixit}
388 2112 497 2145 idixit
525 2116 560 2145 P.
638 2116 679 2146 15
710 2114 836 2155 posset
858 2115 898 2144 P:
926 2111 1044 2155 possit
1071 2115 1104 2145 c.
1209 2110 1347 2155 quippe
1379 2111 1524 2154 scripsi:

172 2160 234 2203 qui
262 2163 301 2194 A.
425 2160 620 2204 cessasset}
648 2162 810 2193 cessaset
835 2162 872 2192 F.
973 2162 1014 2192 16
1049 2158 1332 2203 occupaturum]
1368 2168 1526 2202 occupa-

172 2219 252 2240 rum
289 2212 321 2240 c.
469 2206 657 2241 Oxathren
694 2207 1007 2250 Snalcenburyius2
1051 2206 1211 2240 oxathen
1248 2209 1289 2246 P,
1326 2207 1459 2239 oxaten
1492 2209 1524 2239 C.

175 2258 215 2288 17
243 2254 411 2300 propius]
439 2254 609 2299 proprius
630 2259 665 2288 P.
741 2259 781 2287 :21
813 2253 1011 2299 Oxathres]
1038 2256 1184 2287 oxatres
1213 2257 1233 2286 C
1320 2257 1364 2286 *22
1386 2251 1525 2287 Catane

174 2303 373 2337 Kinchius:
396 2305 526 2336 catene
547 2305 586 2336 A.
662 2302 866 2346 prohiberi}
887 2301 1046 2345 proiberi
1069 2305 1108 2334 V.
1179 2305 1222 2334 24
1249 2300 1359 2346 adeo]
1381 2299 1464 2334 ideo
1485 2303 1524 2334 V.

172 2354 216 2383 :²5
243 2350 349 2383 Nunc
380 2350 581 2385 Bentleius:
617 2360 701 2383 nam
729 2353 769 2389 P,
805 2349 922 2382 namsi
951 2352 982 2382 C.
1129 2348 1351 2392 sagittarum
1377 2349 1523 2392 scripsi:

174 2397 320 2441 sagittis
348 2400 423 2431 tam
453 2401 490 2430 A.
