1610 2522
66 762 98 785 10

66 1058 97 1082 15

65 1355 99 1379 20

67 1651 99 1676 25

386 98 720 132 HISTORIARUM
747 98 1031 133 ALEXANDHI
1060 99 1152 142 VIII,
1179 104 1211 134 2.
1388 101 1471 141 261

120 210 234 248 metu
267 222 391 261 posse
424 208 608 261 conpelli
641 211 758 249 ratus
783 208 970 249 Oxarten
1004 209 1122 249 misit
1153 209 1340 251 nationis
1368 210 1474 250 eius-

119 267 222 312 dem,
266 267 337 308 sed
372 267 551 308 dicionis
584 282 696 320 suae,
735 269 808 321 qui
842 268 1037 308 suaderet
1071 268 1178 320 duci,
1212 271 1259 309 ut
1290 269 1476 310 traderet

117 329 294 380 petram.
356 325 532 367 Interim
576 327 624 367 ad
669 327 906 382 augendam
944 327 1215 369 formidinem
1255 331 1296 368 et
1336 332 1474 369 turres
1502 340 1545 369 ιη’»

120 386 456 427 admovebantur
483 389 523 427 et
549 400 726 428 excussa
753 388 978 428 tormentis
1006 389 1091 427 tela
1116 388 1341 428 micabant.
1393 387 1475 428 Ita-

120 460 199 499 que
235 446 433 487 verticem
462 448 605 499 petrae
639 446 754 486 omni
788 447 870 487 alio
903 447 1116 500 praesidio
1145 447 1344 488 damnato
1372 448 1476 502 peti-

117 508 279 546 verunt.
330 504 389 546 At
409 504 588 546 Oxartes
616 505 829 559 trepidum
857 506 1207 560 diffidentemque
1233 507 1360 548 rebus
1388 507 1475 548 suis
1503 519 1546 549 27

119 564 393 605 Sisimithren
425 565 566 618 coepit
598 564 778 619 hortari,
823 568 870 606 ut
903 565 1026 607 fidem
1061 581 1188 620 quam
1220 566 1307 607 vim
1340 566 1476 607 Mace-

119 624 275 665 donum
322 626 466 665 mallet
513 624 694 678 experiri
740 639 820 665 neu
867 628 1106 666 moraretur
1156 625 1474 667 festinationem

121 684 290 724 victoris
335 683 544 724 exercitus
590 684 633 724 in
678 683 842 725 Indiam
887 685 1116 726 tendentis:
1170 686 1237 727 cui
1282 686 1475 739 quisquis

119 746 252 783 semet
285 743 466 795 offerret,
500 743 542 784 in
569 758 692 784 suum
722 747 847 797 caput
875 744 1054 785 alienam
1082 744 1243 785 013110111
1271 760 1361 786 esse
1388 760 1476 786 ver-

118 817 273 843 surum.
336 802 394 843 Et
440 802 529 856 ipse
576 803 746 856 quidem
781 802 1043 844 Sisimithres
1090 804 1348 846 deditionem
1394 818 1477 846 mm
1505 817 1547 846 as·

119 861 343 915 abnuebat,
376 865 562 903 ceterum
593 865 727 903 mater
754 863 983 917 eademque
1011 864 1197 905 coniunx
1223 864 1475 905 morituram

119 935 162 961 se
195 924 290 962 ante
324 921 590 969 denuntians,
624 937 751 976 quam
785 923 829 962 in
861 924 990 963 ullius
1018 924 1181 964 veniret
1207 927 1476 977 potestatem,

118 980 285 1021 barbari
324 982 511 1022 animum
545 981 596 1021 ad
629 981 876 1023 honestiora
909 997 1035 1036 quam
1068 984 1229 1023 tutiora
1262 987 1476 1024 converte-

118 1043 204 1092 rat,
254 1040 526 1094 pudebatque
569 1040 780 1082 libertatis
825 1043 962 1082 maius
1008 1056 1097 1083 esse
1142 1043 1254 1096 apud
1298 1042 1476 1084 feminas

121 1113 246 1153 quam
279 1100 391 1153 apud
423 1100 537 1140 viros
570 1101 767 1154 pretium⁴
821 1100 972 1155 Itaque
1005 1101 1178 1143 dimisso
1212 1103 1476 1143 internuntio
1504 1116 1546 1145 ⁶2⁴.)

120 1159 235 1212 pacis
281 1159 547 1200 obsidionem
592 1160 700 1202 ferre
747 1160 998 1201 decreverat.
1073 1160 1155 1202 Sed
1201 1177 1296 1203 cum
1342 1161 1477 1203 hostis

119 1219 228 1258 vires
262 1233 444 1272 suasque
476 1222 684 1272 pensaret,
717 1234 864 1261 rursus
898 1220 1117 1261 muliebris
1151 1221 1330 1275 consilii,
1364 1222 1477 1276 quod

119 1292 320 1332 praeceps
354 1279 491 1333 magis
524 1293 650 1332 quam
683 1280 967 1321 necessarium
1006 1294 1096 1321 esse
1131 1281 1338 1334 credebat,
1382 1297 1476 1335 pae-

118 1337 252 1378 nitere
286 1352 381 1378 eum
416 1338 567 1391 coepit.
631 1338 931 1393 Revocatoque
966 1342 1135 1381 strenue
1168 1339 1326 1382 Oxarte
1363 1341 1476 1382 futu-
1503 1353 1547 1383 30

120 1411 214 1437 rum
249 1411 291 1437 se
325 1396 368 1437 in
393 1398 506 1452 regis
534 1400 745 1451 potestate
773 1399 1005 1453 respondit,
1037 1414 1169 1441 uuum
1196 1400 1238 1440 id
1264 1403 1476 1454 precatus,

120 1470 171 1496 ne
204 1456 466 1497 voluntatem
502 1460 543 1498 et
577 1457 802 1498 consilium
836 1459 985 1499 matris
1019 1473 1118 1499 suae
1147 1460 1357 1513 proderet,
1392 1474 1475 1514 quo

119 1515 287 1556 facilius
332 1516 454 1556 venia
499 1516 562 1557 1111
608 1531 777 1570 quoque
822 1518 1115 1571 inpetraret-ur.
1191 1519 1476 1561 Praemissum
1503 1532 1544 1561 31

120 1575 252 1629 igitur
284 1574 471 1616 Oxarten
510 1589 606 1616 cum
644 1579 778 1618 matre
819 1577 1051 1631 liberisque
1084 1581 1126 1619 et
1157 1579 1290 1620 totius
1324 1593 1476 1634 cogna-

120 1634 249 1675 tionis
301 1649 429 1690 grege
481 1635 737 1689 sequebatur
786 1651 837 1677 ne
888 1640 1111 1691 expectato
1165 1638 1334 1692 quidem
1377 1639 1476 1680 fidei

121 1693 318 1749 pignore,
364 1695 476 1748 quod
510 1693 687 1736 Oxartes
726 1697 990 1750 promiserat.
1056 1697 1146 1738 Rex
1185 1699 1328 1751 equite
1359 1713 1476 1753 prae·
1504 1710 1546 1740 32

218 1840 233 1868 1
265 1834 427 1869 Oxarten
450 1836 617 1870 Modius:
645 1838 799 1870 oxartan
820 1841 856 1878 P,
878 1839 1033 1871 oxortan
1054 1840 1129 1879 BL,
1158 1840 1310 1872 exortan
1330 1842 1403 1873 FV.

122 1882 300 1927 nationis]
336 1883 504 1916 nacionis
530 1887 555 1916 L
580 1896 622 1917 m.
644 1896 697 1928 pr.
719 1888 758 1918 V.
881 1888 900 1917 2
929 1884 1102 1931 dicionis]
1144 1885 1318 1919 dictionis
1345 1890 1386 1927 F,
1422 1887 1476 1920 (11-

121 1930 233 1963 tionis
260 1934 296 1964 P.
407 1934 427 1963 4
454 1930 545 1976 tela]
572 1931 645 1965 tele
671 1935 696 1964 P
717 1943 760 1965 m.
779 1943 836 1975 pr.
942 1937 960 1966 5
989 1933 1182 1978 damnato]
1211 1934 1412 1977 dampnato
1439 1938 1474 1967 P.

122 1981 140 2010 ⁴3
170 1977 339 2023 Oxartes]
372 1978 566 2012 hocxartes
593 1982 628 2012 P.
778 1983 794 2012 7
827 1979 1063 2014 Sisimithren
1090 1984 1130 2014 P:
1170 1977 1415 2015 sisiinitiirem
1443 1986 1473 2015 C.

122 2028 141 2055 8
168 2024 462 2070 festinationem]
494 2025 777 2060 festinacionem
803 2030 968 2071 Ι,111.]]ν.
989 2031 1028 2061 V.
1130 2031 1172 2061 10
1200 2029 1327 2074 caput]
1355 2030 1476 2073 capud

121 2075 193 2106 PV.
318 2077 357 2106 11
393 2073 620 2107 Sisimithres
653 2075 798 2118 scripsi:
837 2075 1064 2109 sisimethres
1098 2079 1206 2117 FLP,
1240 2076 1476 2110 sisemethres

122 2122 195 2152 BV.
341 2131 424 2154 non
461 2120 646 2155 abnuebat
675 2122 877 2156 Kz‘nclm'us:
917 2122 1107 2156 abnuebat
1139 2127 1181 2165 P,
1220 2124 1409 2157 annuebat
1443 2128 1475 2158 C.

125 2170 166 2200 12
203 2167 378 2213 coniunx]
415 2168 546 2202 coniux
583 2173 615 2202 C.
761 2169 995 2215 morituram]
1031 2171 1250 2204 moriturum
1285 2174 1311 2204 B
1344 2184 1384 2205 m.
1421 2183 1474 2214 pr.

124 2217 166 2247 16
192 2215 369 2260 pretium]
395 2215 521 2260 13011111]
548 2220 654 2250 FPV.
762 2221 802 2250 17
830 2216 940 2262 ferre]
969 2218 1044 2251 fere
1071 2222 1096 2250 P
1119 2231 1160 2252 m.
1180 2230 1236 2262 pr.
1342 2219 1474 2264 hostis]

123 2261 213 2295 ostis
245 2265 270 2294 L
296 2273 340 2295 m.
361 2274 420 2306 pr.
568 2267 608 2296 21
651 2265 853 2310 potestate]
886 2267 1111 2308 potestatem
1138 2270 1173 2299 P.
1321 2266 1358 2298 id
1394 2277 1474 2310 pre-

124 2310 227 2342 catus
258 2310 451 2344 Heinsius:
484 2310 696 2355 inprecatus
723 2315 761 2344 A.
887 2315 929 2345 23
964 2313 1214 2356 inpetraretur
1240 2317 1277 2347 C:
1312 2314 1475 2357 inpetra-

123 2358 179 2389 ret
204 2359 240 2390 P.
