1610 2522
370 123 701 157 HISTORJARI'M
733 122 1009 156 ALEXANDRI
1040 122 1115 161 1111,
1143 136 1173 155 ).
1390 121 1444 159 50

95 251 209 276 oram
253 234 382 275 classe
421 233 685 288 praetervehi
728 233 841 273 iusso
885 231 935 272 ad
975 231 1120 271 urbem
1155 230 1308 271 Gazam
1350 245 1442 269 cum

97 295 294 336 munibus
328 294 460 348 copiis
495 294 621 334 venit.

184 353 321 395 Isdem
355 354 441 394 fere
476 353 623 394 diebus
657 352 860 394 sollemne
895 353 984 391 erat
1011 350 1220 391 ludicrum
1248 348 1446 389 Isthmio·
1477 360 1513 389 11

94 429 199 467 rum,
240 413 353 468 quod
386 415 596 454 conventu
630 412 761 453 totius
797 410 994 453 Graeciae
1028 409 1280 450 celebratur:
1320 409 1364 448 in
1397 422 1445 448 eo

61 492 74 515 5
95 473 275 515 concilio
303 472 465 525 Graeci,
497 474 544 512 ut
577 474 675 512 sunt
702 470 962 524 temporaria
987 469 1170 525 ingenia,
1204 468 1447 519 decernunt,

95 536 143 573 ut
176 545 235 573 XV
268 533 511 587 legarentur
544 531 594 572 ad
628 545 783 586 regem,
821 531 894 584 qui
928 529 980 569 ob
1022 543 1086 569 res
1120 542 1197 582 pro
1231 528 1367 568 salute
1400 542 1447 568 ac

95 592 290 633 libertate
326 591 526 632 Graeciae
558 594 699 645 gestas
732 604 931 631 coronam
967 602 1135 629 auream
1169 588 1327 628 donum
1362 586 1447 627 vie-

95 652 229 693 toriae
255 652 424 692 ferrent.
487 650 602 691 Idem
637 649 764 704 paulo
798 652 895 689 ante
922 649 1105 689 incertae
1139 647 1273 688 famae
1307 649 1447 700 capta·
1478 657 1517 686 12

98 715 241 752 verant
268 726 426 763 auram,
452 713 511 764 ut,
538 724 806 763 quocumque
827 708 1059 763 pendentes
1087 707 1250 748 animos
1278 706 1448 747 tulisset

44 791 75 812 ιο
94 771 278 823 fortuna,
311 772 596 824 sequerentur.

24 834 74 869 23
186 829 381 871 Ceterum
430 844 514 870 non
554 829 642 883 ipse
682 827 807 869 modo
848 841 920 867 rex
960 826 1106 867 obibat
1144 825 1270 866 urbes
1311 824 1449 866 adhuc
1479 836 1519 865 13

96 891 244 945 iugum
274 888 438 943 imperii
467 891 722 940 recusantes,
755 887 827 928 sed
854 889 1071 941 praetores
1099 899 1269 939 quoque
1303 884 1449 939 ipsius,

95 949 254 1004 egregii
278 949 415 989 duces.
444 948 647 1002 pleraque
669 947 924 1000 invaserant,
952 945 1074 986 Calas
1097 944 1449 999 Paphlagoniam,

95 1008 339 1064 Antigonus
372 1007 650 1062 Lycaoniam:
684 1006 887 1047 Balacrus
920 1005 1134 1060 Hydarne,
1173 1004 1300 1046 Darei
1333 1018 1449 1057 prae-

43 1085 73 1111 15
94 1071 204 1115 tore,
247 1071 444 1122 superato
488 1068 624 1108 denuo
667 1065 863 1107 Miletum
906 1065 1035 1119 cepit,
1077 1064 1366 1119 Amphoterus
1408 1066 1449 1103 et
1480 1074 1520 1103 14

96 1127 367 1181 Hegelochus
402 1139 491 1168 CLX
527 1126 698 1166 navium
733 1126 867 1167 classe
900 1124 1059 1166 insulas
1099 1124 1209 1166 inter
1242 1123 1447 1164 Achaiam

97 1190 224 1241 atque
246 1186 392 1227 Asiam
414 1187 455 1227 in
478 1186 686 1227 dicionem
708 1183 940 1226 Alexandri
960 1184 1226 1238 redegerunt.
1279 1182 1449 1223 Tenedo

96 1261 265 1301 quoquc
300 1249 469 1301 recepta
498 1245 651 1286 Chium
686 1244 837 1286 incolis
870 1245 984 1285 ultro
1012 1244 1263 1284 vocantibus
1295 1245 1448 1283 statue-

98 1309 192 1347 rant
231 1320 455 1360 occupare,
496 1305 567 1346 sed
606 1305 925 1356 Pharnabazus,
964 1303 1091 1344 Darei
1130 1305 1313 1356 praetor,
1355 1316 1449 1343 con--
1481 1312 1522 1342 15

44 1383 77 1408 ‘20
97 1366 337 1420 prehensis,
388 1365 460 1418 qui
506 1380 571 1405 res
622 1364 671 1404 ad
718 1363 969 1404 Macedones
1016 1362 1260 1416 trahebant,
1304 1376 1452 1402 rursus

98 1424 348 1479 Apollonidi
382 1428 422 1465 et
456 1423 768 1479 Athenagorae,
808 1437 979 1464 suarum
1012 1422 1198 1476 partium
1233 1422 1348 1474 viris,
1388 1436 1450 1462 ur-

98 1485 193 1525 bem
234 1499 330 1526 cum
366 1483 532 1525 modico
566 1483 777 1537 praesidio
811 1482 996 1523 militum
1036 1481 1177 1523 tradit.
1241 1480 1448 1521 Praefecti
1482 1491 1522 1520 16

100 1543 330 1584 Alexandri
369 1544 413 1584 in
453 1543 675 1583 obsidione
714 1542 831 1582 urbis
869 1541 1197 1596 perseverabant
1239 1555 1325 1581 non
1363 1544 1449 1580 tam

100 1603 187 1644 suis
208 1604 277 1656 fisi
303 1603 464 1643 viribus
487 1617 612 1656 quam
640 1598 846 1656 ipsorum,
874 1601 944 1655 qui
968 1600 1284 1647 obsidebantur,
1307 1600 1452 1640 volun-

47 1680 78 1704 :¹5
100 1665 197 1704 tate.
267 1661 357 1703 Nec
395 1661 550 1702 fefellit
589 1661 751 1715 opinio:
793 1675 976 1714 namque
1017 1660 1127 1701 inter
1165 1659 1453 1713 Apolloniden

103 1725 144 1763 et
186 1721 311 1762 duces
349 1721 534 1762 militum
577 1724 669 1762 orta
712 1720 865 1761 seditio
906 1719 1178 1773 inrumpendi
1219 1719 1261 1759 in
1304 1718 1451 1759 urbem

198 1867 214 1896 1
244 1861 398 1906 Gazam]
427 1871 545 1906 gazan
571 1864 710 1894 BLPV.
811 1865 831 1894 3
858 1861 980 1895 Isdem
1007 1861 1153 1905 Stangl:
1182 1860 1315 1894 iisdem
1342 1862 1380 1892 A.

101 1910 294 1955 sollemne]
323 1909 483 1943 solemne
509 1912 544 1942 P.
625 1908 877 1954 Isthmiorum]
905 1907 1155 1951 iistymiorum
1182 1911 1213 1941 C.
1295 1911 1315 1940 4
1343 1906 1455 1940 Grae-

102 1958 196 2003 ciae]
223 1957 340 2002 gretie
361 1961 396 1990 P.
497 1959 515 1989 9
547 1955 689 1990 animos
716 1956 863 1990 tulisset
886 1955 1035 1990 fortuna
1060 1956 1282 1990 Palmerius:
1309 1954 1454 1988 animus

102 2005 249 2039 tulisset
262 2005 448 2038 fortunam
463 2007 501 2036 A.
580 2008 620 2037 13
643 2003 766 2049 Calas]
783 2003 910 2037 chalas
931 2006 1070 2037 BLPV.
1142 2001 1453 2047 Paphlagoniam]

102 2052 368 2097 paplagoniam
388 2054 494 2084 FLV.
570 2055 614 2085 14
635 2051 876 2096 Lycaoniam]
898 2050 1099 2084 licaoniam
1120 2054 1192 2084 FV.
1270 2054 1312 2083 15
1335 2049 1454 2082 denuo

111 2101 231 2145 Vogel:
278 2113 303 2132 11
338 2099 428 2133 duos
458 2102 497 2140 C,
523 2100 549 2131 ᾗ
583 2098 674 2132 duos
709 2103 743 2132 P.
880 2097 1050 2132 Miletum
1090 2098 1311 2132 Frobem'us·:
1356 2096 1455 2130 mili-

102 2150 181 2181 tum
205 2151 243 2180 A.
338 2145 451 2191 cepit]
480 2146 601 2189 coepit
625 2149 726 2180 BLP.
821 2150 861 2178 16
888 2145 1120 2190 Hegelochus
1150 2145 1284 2179 Aldus:
1314 2144 1455 2189 eghilo-

104 2206 166 2228 cus
188 2198 227 2227 A.
311 2198 351 2227 17
374 2193 521 2228 Tenedo
543 2204 688 2237 quoque
709 2195 859 2237 rec-epta
881 2192 1012 2226 Chium
1041 2193 1262 2228 Gronovius:
1294 2192 1456 2226 tenedon

103 2253 249 2286 quoque
278 2240 554 2285 receptaculum
577 2244 606 2273 A
636 2240 886 2286 [receptaculo
910 2244 935 2273 P
957 2253 1001 2274 m.
1027 2241 1097 2286 pr]
1211 2243 1253 2273 19
1291 2239 1455 2284 praetor]

103 2291 251 2333 praeter
269 2292 307 2322 V.
408 2291 451 2322 20
478 2288 617 2333 rursus]
639 2300 763 2322 russus
785 2292 809 2321 B
833 2300 874 2322 m.
893 2300 952 2332 pr.
974 2291 1012 2321 V.
1113 2291 1153 2320 21
1184 2286 1399 2331 Apollonidi
1421 2290 1454 2319 1:

105 2336 301 2380 apollinidi
328 2339 366 2369 A.
482 2336 565 2378 fisi
589 2335 728 2370 viribus
757 2336 878 2380 Voyel:
906 2335 1049 2369 uiribus
1077 2339 1115 2368 A.
1237 2338 1279 2367 *25
1308 2333 1456 2378 Apollo-

104 2384 216 2417 niden
243 2388 275 2417 1:
314 2383 544 2428 apolliniden
571 2386 608 2417 A.
709 2387 752 2416 26
779 2383 818 2417 in
845 2395 910 2417 om.
933 2387 967 2416 L.
