1610 2522
81 296 122 327 19

85 950 123 980 21

87 1603 132 1633 23

86 1900 130 1930 24

150 116 235 157 332
654 114 694 166 Q.
722 112 865 148 culm
891 112 1003 146 RUFI

150 226 222 267 tis:
267 239 346 279 ego
392 239 459 265 me
503 224 657 265 metior
701 237 786 264 non
828 222 980 262 aetatis
1020 221 1177 275 spati0‚
1221 221 1292 262 sed
1333 220 1506 276 gloriae.

152 284 293 325 ,Licuit
331 284 520 338 paternis
560 282 712 337 opibus
746 284 947 323 contento
982 281 1092 321 intra
1124 280 1396 322 Macedoniae
1428 282 1507 322 ter-

152 344 292 384 minos
326 357 401 397 per
433 343 566 383 otium
602 342 793 396 corporis
820 343 1042 394 expectare
1069 340 1292 380 obscuram
1322 343 1364 380 et
1391 340 1506 395 igno-

150 403 278 444 bilem
307 405 578 443 senectutem.
619 400 885 454 Quamquam
912 414 965 440 ne
990 400 1102 454 pigri
1125 399 1295 453 quidem
1318 398 1398 439 sibi
1421 399 1509 439 fata

152 463 397 515 disponunt,
431 461 502 501 sed
537 461 709 502 unicum
743 460 901 501 bonurn
936 459 1180 499 diuturnam
1209 459 1338 499 vitam
1366 458 1509 499 existi·
1547 474 1563 500 5

152 524 316 562 mantes
356 535 480 575 saepe
518 521 667 561 acerba
699 534 814 560 mors
848 522 1036 572 occupat.
1100 517 1260 558 Verum
1293 531 1390 572 ego,
1436 517 1507 571 qui

153 596 236 621 11011
272 595 406 621 annos
439 595 568 634 111905,
600 580 672 620 sed
705 579 904 620 victorias
937 592 1126 631 numero,
1160 577 1191 617 si
1226 591 1402 617 munera
1428 576 1510 617 for-

155 643 282 681 tunae
326 640 433 681 bene
478 642 684 693 computo,
729 638 800 679 diu
847 638 945 678 vixi.
1022 635 1154 677 Orsus
1199 652 1222 676 a
1263 635 1512 677 Macedonia

155 699 382 753 imperium
418 697 615 739 Graeciae
648 701 783 751 teneo,
816 696 1040 737 Thraciam
1073 699 1115 737 et
1146 695 1318 750 Illyrios
1351 694 1513 749 subegi,

153 759 356 801 Triballis
387 758 635 811 Maedisque
668 757 880 811 imperito,
913 757 1074 809 Asiam,
1107 770 1191 809 qua
1217 755 1511 809 Hellesponto,
1533 770 1566 797 ιο

155 834 238 872 qua-
259 818 405 859 Rubro
433 818 539 858 mari
567 816 794 870 subluitur,
820 815 1030 870 possideo.
1081 814 1256 868 Iamque
1283 814 1396 855 haud
1418 828 1512 868 pro-

156 878 224 919 cul
258 878 407 918 absum
442 879 524 918 fine
557 876 717 929 mundi,
757 890 883 930 quem
916 889 1112 930 egressus
1145 875 1271 915 aliam
1305 878 1514 928 naturam,

157 938 287 977 alium
322 937 466 978 orbem
501 936 663 990 aperire
696 935 802 976 mihi
837 935 978 975 statui.
1029 933 1096 974 Ex
1119 933 1223 974 Asia
1249 934 1291 974 in
1319 933 1515 987 Europae

156 998 361 1038 terminos
394 998 612 1037 momento
639 996 764 1036 unius
792 995 920 1035 horae
947 994 1135 1034 transivi.
1186 992 1336 1033 Victor
1360 993 1514 1033 utrius-

157 1071 238 1110 que
277 1056 465 1110 regionis
498 1058 597 1109 post
628 1069 788 1095 nonum
830 1054 951 1109 regni
990 1053 1091 1106 mei,
1136 1055 1233 1107 post
1265 1052 1514 1093 vicesimum
1536 1068 1569 1094 15

158 1119 284 1170 atque
327 1118 525 1156 octavum
568 1129 725 1155 anuum
767 1115 875 1155 vilae
916 1113 1117 1154 videorne
1158 1111 1280 1153 vobis
1319 1112 1363 1151 in
1396 1125 1515 1152 exeo-

157 1176 281 1216 lenda
314 1175 462 1229 gloria,
501 1174 569 1216 9111
602 1188 669 1214 1119
701 1174 776 1214 uni
810 1172 972 1226 devovi,
1007 1186 1133 1226 posse
1166 1171 1358 1212 cessare?
1420 1169 1515 1225 Ego
1537 1172 1586 1207 26

160 1250 258 1276 vero
286 1248 373 1275 11011
401 1234 523 1274 deero
552 1237 605 1287 et,
638 1233 897 1286 ubicumque
923 1231 1136 1286 pugnabo,
1169 1231 1212 1271 in
1239 1231 1406 1271 theatro
1437 1232 1515 1270 ter—

157 1309 299 1336 rarum
334 1293 450 1334 orbis
484 1307 573 1334 esse
606 1308 673 1333 me
708 1292 886 1333 credam.
938 1290 1060 1332 Dabo
1094 1291 1364 1331 nobilitatem
1399 1290 1517 1344 igno-

158 1353 318 1395 bilibus
366 1353 489 1407 10915,
534 1352 721 1407 aperiam
770 1352 932 1392 cunetis
975 1351 1174 1405 gentibus
1216 1353 1367 1402 terras,
1410 1362 1514 1402 quas
1535 1365 1570 1390 20

157 1417 310 1454 natura
354 1413 481 1467 longe
521 1412 803 1453 submoverat.
879 1410 930 1451 ln
971 1410 1037 1451 his
1080 1409 1279 1464 operibus
1322 1407 1516 1462 extingui

158 1473 286 1526 mihi,
328 1474 363 1513 si
402 1473 489 1513 fors
531 1472 591 1512 ita
630 1471 754 1524 feret,
799 1470 1022 1524 pulchrum
1059 1474 1140 1510 est:
1179 1483 1227 1509 ea
1260 1468 1390 1521 stirpe
1423 1481 1517 1508 sum

159 1533 342 1587 genitus,
375 1534 423 1572 ut
455 1532 633 1573 multam
667 1531 785 1584 prius
819 1544 945 1584 quam
977 1530 1151 1584 longa-m
1184 1529 1316 1568 vitam
1344 1526 1515 1568 debeam

159 1595 318 1645 optare.
371 1590 557 1632 Obsecro
592 1604 679 1644 vos,
712 1590 897 1645 cogitate
929 1603 1006 1629 nos
1034 1587 1274 1643 pervenisse
1302 1587 1346 1627 in
1370 1588 1519 1638 terras,

159 1651 313 1705 quibus
351 1651 534 1691 feminae
575 1650 627 1690 ob
661 1650 863 1690 virtutem
899 1647 1221 1689 celeberrimum
1253 1660 1407 1687 nomen
1441 1647 1516 1685 est.
1538 1661 1571 1687 25

159 1710 271 1759 Quas
305 1710 430 1750 urbes
453 1708 701 1750 Samiramis
735 1708 942 1750 condidit!
977 1722 1083 1760 quas
1117 1707 1255 1762 gentis
1283 1704 1448 1759 redegit
1473 1704 1517 1745 in

158 1770 433 1824 potestatem!
479 1772 639 1823 quanta
678 1782 806 1822 opera
844 1767 995 1807 molita
1033 1767 1113 1808 est!
1165 1765 1366 1806 Nondum
1399 1763 1517 1804 femi-

157 1844 255 1870 nam
289 1829 565 1881 aequavimus
599 1829 748 1882 gloria,
780 1829 822 1867 et
854 1827 938 1867 iam
970 1840 1048 1867 nos
1080 1825 1217 1866 laudis
1251 1825 1424 1865 satietas
1455 1836 1517 1863 99-

159 1889 251 1943 pit‘?
294 1888 347 1929 Di
381 1888 564 1940 faveant,
596 1888 757 1927 maiora
790 1886 928 1927 adhue
952 1888 1124 1926 restant.
1178 1883 1260 1925 Sed
1286 1885 1346 1924 ita
1370 1885 1518 1923 nostra

255 2044 275 2073 3
303 2040 435 2085 otium]
464 2039 583 2073 ocium
611 2042 684 2072 FV.
790 2042 809 2071 4
837 2038 930 2084 fata]
958 2038 1058 2072 facta
1085 2041 1123 2070 V.
1230 2039 1249 2069 9
1277 2034 1455 2069 Graeciae
1481 2038 1514 2067 1:

159 2088 347 2133 graeciam
363 2091 401 2121 A.
483 2086 696 2131 Thraciam]
718 2085 874 2119 traciam
895 2089 932 2126 F,
954 2085 1118 2118 hraciam
1138 2087 1164 2116 L
1181 2095 1222 2117 m.
1236 2094 1292 2127 pr.
1308 2086 1347 2116 V.
1429 2081 1516 2126 Illy-

159 2135 247 2181 rios]
269 2135 401 2169 illirios
422 2139 459 2176 F,
479 2134 635 2178 yllyrios
655 2137 690 2167 P.
769 2138 808 2167 ll
838 2133 952 2178 haud]
974 2134 1039 2166 aut
1058 2135 1096 2166 F.
1172 2134 1215 2164 14
1243 2130 1369 2175 horae]
1397 2140 1460 2164 ore
1479 2133 1514 2162 P.

161 2187 203 2217 16
231 2183 358 2228 atque]
387 2182 508 2225 adque
534 2185 561 2215 F
583 2193 624 2215 m.
642 2192 700 2225 pr.
809 2191 946 2214 annum
973 2181 1093 2214 vitae
1119 2179 1279 2222 Ieepius:
1313 2189 1449 2211 annum
1475 2179 1514 2209 A.

162 2234 203 2264 17
232 2230 310 2276 9111]
339 2241 410 2264 uno
432 2230 494 2263 nni
516 2233 551 2263 P.
656 2232 695 2263 18
723 2227 885 2273 theatro]
914 2227 1080 2261 threatro
1100 2229 1136 2260 P.
1235 2229 1278 2258 22
1307 2223 1515 2269 pulchrum]

159 2277 327 2322 pulcrum
355 2282 424 2310 FP.
550 2276 680 2321 stirpe]
714 2277 839 2320 styrpe
866 2279 902 2308 F.
1033 2277 1075 2308 23
1109 2272 1266 2307 multam
1293 2272 1514 2307 Fmbem’us:

159 2325 277 2359 multa
304 2329 343 2359 A.
469 2328 511 2357 ‘26
540 2323 755 2358 Samiramis
791 2323 910 2367 Vofjel:
945 2321 1161 2356 sameramis
1193 2323 1232 2353 A.
1355 2318 1515 2364 redegit]

160 2373 297 2417 redigit
325 2376 360 2406 P.
479 2376 522 2406 28
550 2371 718 2416 satietas]
747 2370 906 2404 sacietas
933 2372 1072 2402 FLPV.
1187 2367 1300 2413 cepit]
1329 2366 1453 2411 coepit
1477 2369 1513 2399 P.
