1610 2522
351 120 685 155 HISTORIARUM
711 120 995 155 ALEXANDRI
1023 121 1115 163 VIII,
1145 126 1197 155 11.
1363 122 1449 162 293

96 229 222 270 duces
263 229 330 270 his
373 229 459 270 dati
499 232 598 270 sunt
632 228 794 270 Charus
833 232 874 270 et
911 228 1170 280 Alexander,
1216 245 1339 284 quem
1375 246 1449 271 rex
1478 242 1521 272 10

94 289 293 342 nominis,
326 289 439 343 quod
472 289 553 330 sibi
587 303 682 329 cum
715 303 763 329 eo
797 303 1021 330 commune
1054 292 1177 343 esset,
1215 289 1449 331 admonuit.

95 349 159 389 Ac
185 349 336 402 primo,
369 349 468 403 quia
493 352 577 389 tam
608 348 881 389 manifestum
911 349 1146 402 periculum
1175 352 1276 403 erat,
1310 350 1450 403 ipsum

95 422 235 461 regem
281 408 506 449 discrimen
550 408 693 448 subire
733 422 819 449 non
861 408 1041 462 placuit,
1087 408 1160 449 sed
1197 412 1246 449 ut
1279 409 1449 463 signum
1479 421 1518 450 11

61 484 74 508 5
97 467 201 508 tuba
243 467 387 508 datum
427 470 508 520 est,
553 468 618 508 vir
650 467 849 508 audaciae
880 470 1104 522 promptae
1137 482 1366 509 conversus
1399 468 1451 508 ad

96 527 284 580 corporis
317 527 513 568 custodes
554 527 671 580 sequi
707 541 750 567 se
782 526 900 568 iubet
932 527 1182 581 primusque
1214 527 1379 568 invadit
1407 528 1452 567 in

95 601 254 639 rupem.
316 585 407 627 Nec
451 585 600 627 deinde
646 586 872 640 quisquam
918 586 1198 627 Macedonum
1245 587 1451 640 substitit,

94 645 341 699 relictisque
380 645 636 687 stationibus
676 660 752 686 sua
793 648 945 699 sponte
977 660 1120 701 regem
1154 646 1450 700 sequebantur.

95 704 329 747 Multorum
377 705 631 747 miserabilis
677 705 760 745 fuit
806 720 944 759 casus,
990 720 1097 759 quos
1136 720 1186 746 ex
1222 709 1451 760 praerupta
1479 718 1521 748 12

41 781 75 806 1ο
95 779 200 817 rupe
238 765 380 819 lapsos
420 765 556 805 amnis
588 765 893 818 praeterfluens
925 764 1088 818 hausit,
1132 766 1256 806 triste
1290 769 1452 819 specta-

95 823 237 864 culum
272 824 399 864 etiam
431 838 517 865 non
549 823 910 877 periclitantibus:
944 838 1040 865 cum
1073 839 1172 866 vero
1203 825 1341 865 alieno
1369 825 1453 866 exi-

93 883 167 936 tio,
194 883 296 936 quid
322 884 425 937 ipsis
452 883 689 924 timendum
710 883 832 936 foret,
859 883 1199 936 admonerentur,
1226 885 1268 924 in
1290 888 1450 925 metum

94 943 386 984 misericordia
418 958 539 983 versa
571 957 657 983 non
691 943 913 997 extinctos,
947 943 1019 984 sed
1047 943 1300 998 semetipsos
1329 943 1452 984 defie-

94 1001 209 1042 bant.
271 1001 330 1043 Et
367 1002 451 1043 iam
485 1017 533 1043 eo
567 1006 818 1056 perventum
852 1005 960 1056 erat,
1003 1002 1115 1043 unde
1143 1003 1233 1043 sine
1265 1004 1451 1056 pernicie
1481 1014 1523 1045 13

42 1077 74 1102 15
96 1061 177 1101 nisi
209 1061 391 1102 victores
423 1062 561 1102 redire
593 1076 681 1102 non
711 1065 899 1116 possent,
930 1063 1121 1118 ingentia
1155 1077 1255 1103 saxa
1284 1063 1328 1103 in
1356 1063 1451 1103 sub-

96 1123 243 1161 euntes
275 1121 628 1175 provolventibus
661 1121 872 1175 barbaris,
915 1122 1009 1175 quis
1043 1122 1227 1175 perculsi
1259 1122 1453 1163 instabili

96 1182 136 1220 et
186 1179 352 1221 lubrico
398 1181 534 1236 gradu
577 1180 834 1235 praecipites
878 1181 1134 1222 recidebant.
1215 1181 1452 1223 Evaserant
1480 1194 1522 1222 14

95 1242 238 1279 tamen
252 1238 494 1281 Alexander
514 1243 556 1281 et
578 1239 754 1293 Charus,
775 1255 882 1294 quos
905 1254 1001 1281 cum
1023 1252 1120 1281 XXX
1140 1241 1314 1281 delectis
1334 1254 1453 1295 prae-

95 1299 272 1340 miserat
302 1314 389 1352 rex,
421 1303 462 1340 et
494 1300 578 1340 iam
610 1314 802 1355 pugnare
835 1301 1073 1341 comminus
1101 1303 1346 1354 coeperant:
1379 1299 1452 1341 sed

42 1374 75 1399 20
96 1372 191 1398 cum
224 1373 405 1412 superne
431 1359 516 1399 tela
542 1359 714 1400 barbari
740 1359 994 1414 ingererent,
1027 1360 1194 1413 saepius
1221 1360 1304 1414 ipsi
1331 1359 1453 1400 ferie-

96 1417 253 1458 bantur
292 1433 419 1472 quam
457 1418 750 1459 vulnerabant.
812 1418 929 1474 Ergo
962 1418 1204 1460 Alexander
1245 1421 1285 1460 et
1318 1419 1451 1460 nomi-
1481 1432 1522 1460 15

95 1477 161 1517 nis
195 1477 259 1518 sui
292 1480 334 1518 et
366 1477 566 1530 promissi
598 1492 781 1533 memor,
821 1478 921 1518 dum
954 1478 1092 1519 acrius
1126 1493 1253 1532 quam
1287 1479 1452 1519 cautius

96 1536 282 1590 dimicat,
315 1536 536 1578 confossus
567 1537 755 1590 undique
784 1537 991 1578 obruitur.
1043 1536 1177 1586 Quem
1209 1541 1258 1579 ut
1288 1537 1452 1578 Charus
1484 1551 1522 1579 16

95 1595 303 1636 iacentem
346 1597 587 1651 conspexit,
632 1611 752 1637 ruere
785 1597 829 1637 in
860 1596 1028 1638 hostem
1061 1598 1252 1638 omnium
1284 1600 1452 1651 praeter

42 1670 74 1695 25
95 1654 302 1696 ultionem
346 1655 554 1697 inmemor
598 1656 739 1710 coepit
782 1657 1026 1710 multosque
1057 1656 1198 1709 hasta,
1244 1656 1451 1710 quosdam

97 1714 238 1769 gladio
266 1715 501 1756 interemit:
535 1715 607 1756 sed
633 1730 728 1756 cum
755 1718 822 1757 tot
847 1731 980 1756 unum
1006 1717 1263 1757 incesserent
1288 1731 1452 1769 manus,

96 1787 223 1827 super
260 1774 385 1815 amici
425 1788 578 1828 corpus
616 1775 845 1829 procubuit
878 1776 1096 1816 exanimis.
1159 1775 1287 1816 Haud
1319 1789 1451 1828 300113,
1481 1787 1521 1816 17

98 1847 225 1887 quam
256 1848 334 1887 par
366 1836 472 1887 erat,
510 1834 930 1888 promptissimorum
963 1834 1165 1875 iuvenum
1198 1837 1452 1875 ceterorum-

97 1907 177 1946 que
218 1892 405 1932 militum
447 1893 623 1934 interitu
666 1897 905 1935 commotus
947 1908 1021 1934 rex
1060 1895 1229 1948 signum
1262 1895 1453 1948 receptui

43 1967 77 1992 30
97 1951 223 1992 dedit.
288 1951 425 1993 Saluti
462 1953 562 2006 fuit,
607 1953 720 2007 quod
759 1954 914 1994 sensim
959 1955 1001 1993 et
1033 1952 1234 2008 intrepidi
1268 1968 1310 1994 se
1344 1967 1452 1993 rece·
1481 1964 1522 1994 13

193 2048 210 2078 1
240 2043 397 2091 Charus]
430 2055 537 2079 carus
569 2049 605 2079 P.
728 2050 747 2079 3
774 2047 851 2080 tam
879 2049 917 2079 C:
945 2046 1019 2079 iam
1046 2050 1081 2079 P.
1206 2051 1225 2079 5
1254 2045 1452 2091 audaciae]

98 2091 273 2126 audatiae
298 2096 324 2125 L
343 2105 389 2127 m.
406 2104 464 2136 pr.
485 2096 521 2126 Ρ,
604 2096 623 2126 9
649 2093 874 2127 miserabilis
901 2104 967 2127 om.
996 2097 1028 2126 c.
1112 2097 1153 2127 10
1181 2092 1452 2138 spectaculum]

97 2139 381 2182 expectaculum
396 2143 435 2173 V.
501 2144 541 2174 11
558 2140 875 2186 periclitantibus]
896 2140 1209 2184 periclytantibus
1223 2144 1260 2175 P.
1321 2140 1452 2186 exitio]

98 2186 229 2220 exsitio
254 2190 295 2221 V.
395 2191 437 2221 16
465 2188 548 2231 quis
575 2188 861 2223 Freinshemius:
896 2188 960 2232 qui
985 2191 1025 2221 A.
1126 2191 1167 2222 17
1201 2187 1336 2233 gradu]
1369 2199 1453 2231 gra—

98 2233 186 2266 dum
213 2237 252 2268 V.
347 2238 389 2268 19
417 2237 454 2269 et
480 2235 572 2280 iam]
599 2235 717 2269 eciam
743 2239 768 2268 L
788 2247 832 2269 m.
848 2247 907 2280 pr.
972 2235 1188 2280 coeperant]
1216 2238 1390 2279 coeperat
1415 2239 1451 2269 P.

98 2285 142 2315 24
170 2281 378 2327 conspexit]
405 2282 640 2326 conspexerit
666 2286 692 2316 F
717 2295 762 2318 m.
784 2295 843 2327 pr.
952 2282 990 2316 in
1016 2283 1179 2328 hostem]
1205 2282 1244 2316 in
1271 2284 1387 2316 ostem
1414 2286 1475 2328 L„

96 2327 242 2362 hostem
263 2329 301 2361 in
314 2333 340 2361 P
359 2341 404 2364 m.
413 2341 473 2373 pr.
550 2333 594 2363 25
615 2330 753 2376 coepit]
769 2331 867 2374 cepit
881 2334 915 2363 P.
987 2334 1029 2363 27
1052 2330 1246 2375 exanimis]
1263 2330 1451 2364 exanimes

98 2378 124 2408 B
143 2387 258 2419 m.pr.
273 2379 298 2408 L
313 2387 357 2409 m.
368 2388 427 2420 pr.
441 2381 467 2410 P
484 2389 524 2410 m.
536 2388 594 2420 pr.
609 2380 649 2411 V.
701 2380 746 2411 28
761 2377 1056 2422 ceterorumque]
1072 2380 1277 2411 ceterorum
1291 2381 1317 2410 P
1338 2389 1380 2410 m.
1393 2388 1450 2419 pr,
