1610 2522
69 221 113 250 36

71 399 112 429 37

70 580 112 605 :is

69 758 88 785 3
93 758 112 786 9

68 935 112 966 40

68 1114 109 1144 41

69 1531 112 1560 43

69 1651 111 1679 44

69 1829 112 1858 45

143 100 228 140 256
646 100 685 142 Q.
715 102 740 134 (J
747 100 773 133 U
781 100 858 134 ΒΤ]
887 100 997 134 RUFI

141 209 192 250 ad
226 225 293 252 me
326 210 550 276 pertinent,
584 212 764 250 transeo.
816 209 1004 275 Philippi
1041 210 1198 251 milites
1230 210 1394 264 spernis
1425 209 1494 252 ob-

140 269 262 322 litus,
305 270 386 310 nisi
432 268 501 309 hic
533 268 755 310 Atarrhias
801 283 928 310 senex
973 269 1158 310 iuniores
1204 284 1390 325 pugnam
1430 269 1495 310 de-

142 332 370 369 umectmtes
415 331 671 381 revocasset,
715 328 853 370 adhuc
896 343 974 370 nos
1021 329 1132 371 circa
1171 328 1494 370 Halicarnasum

140 388 344 429 haesuros
389 387 531 429 fuisse.
602 387 825 436 Quomodo
867 388 999 443 igitur
1039 388 1185 429 Asiam
1224 391 1359 429 totam
1399 402 1494 429 cum

141 448 234 488 istis
267 447 506 489 iunioribus
541 447 779 503 subegisti?
811 447 970 489 Verum
1005 451 1080 501 est,
1113 450 1160 488 ut
1187 447 1349 502 opinor,
1383 447 1496 502 quod
1535 464 1549 490 5

141 509 398 548 avunculum
444 510 564 548 tuum
611 507 654 547 in
685 506 811 548 Italia
855 507 1011 548 dixisse
1050 511 1233 561 constat,
1278 508 1417 562 ipsum
1454 507 1495 547 in

143 568 256 608 viros
290 566 505 620 incidisse,
549 569 591 608 te
624 566 667 606 in
700 567 905 608 feminas.'
970 566 1091 607 Nihil
1124 581 1173 608 ex
1208 566 1404 608 omnibus
1438 566 1539 607 in-5

141 627 333 667 consulte
366 640 414 668 ac
446 630 606 667 temere
645 626 766 668 iactis
799 641 940 682 regem
974 626 1110 682 magis
1143 629 1334 667 moverat
1369 640 1495 680 quam

141 686 433 727 Parmenionis
460 700 556 727 cum
583 685 746 727 honore
772 687 931 726 mentio
955 685 1096 727 inlata.
1129 685 1332 728 Dolorem
1355 690 1497 726 tamen

140 747 354 800 repressit,
381 749 608 788 contentus
635 745 820 799 iussisse,
846 749 893 786 ut
919 745 1114 786 convivio
1142 745 1373 786 excederet.
1407 744 1496 786 Nec
1518 763 1550 787 ιο

142 805 368 859 quicquam
409 805 524 846 aliud
556 805 710 846 adiecit
742 820 868 859 quam
901 805 1084 846 forsitan
1117 820 1225 858 eum,
1267 805 1301 845 si
1336 804 1496 846 diutius

138 866 310 906 locutus
354 865 483 918 foret,
526 865 883 919 exprobraturum
925 864 1004 905 sibi
1048 864 1180 905 fuisse
1214 865 1344 905 vitam
1380 879 1403 904 a
1435 878 1495 905 se-

139 925 320 980 metipso
354 924 513 965 datam:
547 925 628 965 hoc
661 924 771 965 enim
805 924 986 978 superbe
1019 938 1142 978 saepe
1176 925 1364 965 iactasse.
1421 922 1495 964 At-

141 999 221 1039 que
267 985 387 1026 illum
427 986 697 1025 cunctantem
729 983 867 1025 adhuc
901 998 1090 1039 surgere,
1137 983 1209 1038 qui
1242 983 1425 1038 proximi
1458 983 1495 1023 ei

140 1044 385 1097 cubuerant,
418 1044 585 1085 iniectis
624 1043 820 1085 manibus
853 1044 1071 1099 iurgantes
1100 1046 1403 1097 monentesque
1429 1056 1496 1083 co-
1517 1059 1548 1085 15

138 1103 352 1144 nabantm·
372 1103 593 1145 abducere.
633 1102 768 1144 Clitus
796 1117 891 1144 cum
919 1104 1250 1156 abstraheretur,
1277 1101 1329 1143 ad
1354 1101 1495 1156 pristi-

139 1178 236 1204 nam
282 1163 561 1204 vinolentiam
607 1163 670 1204 ira
705 1177 874 1217 quoque
907 1162 1068 1204 adiecta
1103 1177 1178 1203 suo
1212 1165 1385 1216 pectore
1415 1164 1496 1203 ter-

139 1238 241 1278 gum
275 1223 389 1265 illius
423 1237 513 1263 esse
543 1222 775 1276 defensum,
808 1236 930 1275 nunc,
963 1226 1190 1277 postquam
1218 1221 1327 1262 tanti
1354 1221 1495 1262 meriti

139 1282 407 1337 praeterierit
432 1285 613 1336 tempus,
641 1283 767 1323 etiam
797 1283 1045 1323 memoriam
1072 1282 1253 1322 invisam
1285 1295 1375 1322 esse
1402 1294 1495 1335 pro-

141 1344 306 1383 clamat.
372 1341 507 1383 Attali
554 1356 722 1396 quoque
767 1341 936 1382 caedem
980 1341 1192 1383 obiciebat
1242 1343 1283 1381 et
1316 1339 1368 1381 ad
1399 1341 1496 1381 ulti·
1515 1357 1550 1382 20

139 1417 257 1443 mum
277 1400 404 1455 Iovis,
437 1416 563 1456 quem
595 1406 758 1456 patrem
788 1401 869 1442 sibi
890 1400 1129 1442 Alexander
1155 1400 1379 1454 adsereret,
1406 1413 1496 1440 ora—

140 1463 281 1503 culum
334 1462 508 1503 eludens
559 1461 724 1502 veriora
776 1475 818 1501 se
870 1461 961 1516 regi
1012 1475 1138 1514 quam
1190 1463 1354 1514 patrem
1407 1459 1495 1500 eius

140 1521 409 1575 respondisse
442 1520 619 1562 dicebat.
684 1519 774 1561 Iam
808 1523 976 1561 tantum
1010 1520 1094 1561 irae
1129 1521 1379 1574 conceperat
1411 1533 1496 1571 reX‚

140 1583 346 1635 quantuni
385 1580 456 1621 vix
499 1580 667 1621 sobrius
701 1580 810 1621 ferre
842 1580 1064 1634 potuisset.
1127 1579 1358 1620 Enimvero
1392 1578 1494 1620 olim

139 1655 257 1681 mero
291 1640 484 1681 sensibus
516 1640 641 1681 victis
675 1654 725 1680 ex
756 1641 866 1681 lecto
899 1643 1070 1693 repente
1103 1639 1314 1693 prosiluit.
1371 1636 1495 1679 Atto·
1516 1653 1549 1678 25

138 1700 219 1741 niti
253 1701 378 1741 amici
410 1714 463 1741 ne
494 1699 648 1754 positis
683 1699 870 1753 quidem,
903 1699 974 1740 sed
1007 1698 1183 1740 abiectis
1211 1698 1375 1752 poculis
1399 1711 1495 1740 con-

140 1762 322 1814 surgunt
368 1759 412 1800 in
449 1762 646 1801 eventum
689 1759 767 1812 rei,
813 1774 939 1813 quam
973 1761 1094 1799 tanto
1127 1759 1289 1812 impetu
1323 1759 1495 1798 acturus

141 1822 261 1872 esset,
294 1819 459 1860 intenti.
517 1818 758 1860 Alexander
791 1821 914 1872 rapta
943 1819 1090 1859 lancea
1122 1832 1172 1859 ex
1206 1816 1401 1857 manibus
1434 1830 1495 1857 ar-

236 1939 255 1969 2
283 1935 478 1970 Atarrhias
504 1936 650 1979 scripsi:
679 1935 862 1969 atharrias
890 1938 929 1968 A.
1081 1935 1329 1968 detrectantes
1357 1933 1493 1967 Aldus:

141 1983 393 2018 detractantes
414 1987 452 2017 A.
529 1988 548 2017 3
570 1982 854 2017 Halicarnasum
876 1986 913 2016 c:
936 1982 1229 2016 halicarnassum
1250 1985 1284 2015 P.
1361 1985 1380 2014 4
1408 1980 1495 2014 hae-

141 2032 259 2077 suros]
294 2043 418 2065 esuros
450 2035 519 2065 LP.
642 2032 761 2064 totam
792 2031 996 2065 Bentlcias:
1036 2030 1148 2063 etiam
1178 2033 1218 2063 A.
1341 2033 1360 2062 ἴ)
1387 2027 1493 2062 sube-

140 2079 229 2123 gisti
255 2083 288 2113 1:
316 2079 508 2113 subiecisti
535 2082 573 2112 A.
671 2081 689 2112 6
718 2077 827 2112 Italia
857 2078 993 2112 Lauer:
1021 2077 1167 2111 italiam
1193 2080 1231 2110 A.
1322 2079 1339 2109 7
1367 2075 1495 2109 incon-

141 2126 252 2172 sulte]
280 2126 446 2160 consulte
473 2129 498 2160 B
527 2138 569 2160 m.
595 2137 650 2170 pr.
797 2129 817 2160 8
845 2127 984 2160 temere
1010 2124 1136 2169 iactis]
1169 2127 1307 2158 temere
1337 2123 1432 2157 actis
1457 2126 1494 2163 P,

140 2174 390 2220 temerieactis
417 2178 456 2208 V.
531 2178 551 2208 9
579 2173 849 2219 Parmenionis]
876 2172 1150 2217 parmoenionis
1174 2175 1276 2204 FLP.
1351 2169 1493 2215 tamen]

139 2223 215 2255 tam
236 2225 270 2254 P.
359 2226 401 2255 10
427 2221 604 2266 repressit
624 2221 833 2256 Acidalius:
864 2232 926 2254 rex
947 2220 1082 2265 pressit
1101 2222 1140 2253 A.
1226 2222 1268 2253 16
1295 2218 1492 2263 abducere]

141 2269 324 2303 adducere
344 2273 418 2303 Fv.
495 2268 612 2303 Clitus
631 2272 664 2303 1:
687 2267 807 2312 clytus
828 2271 866 2303 A.
944 2271 984 2301 17
1008 2266 1249 2302 vinolentiam
1272 2266 1492 2301 Frobenius:

139 2316 356 2350 violentiam
381 2320 419 2350 A.
522 2320 563 2350 19
592 2316 829 2361 praeterierit
853 2320 894 2349 P:
928 2315 1123 2360 praeteriit
1150 2318 1182 2348 c.
1282 2317 1325 2347 26
1352 2323 1397 2346 ne
1429 2324 1494 2356 po-

141 2364 238 2410 sitis]
270 2375 385 2408 nepos
419 2364 500 2399 sitis
527 2368 552 2397 P
578 2376 622 2398 ·ηι.
645 2375 704 2408 pr.
803 2367 847 2398 28
874 2363 1025 2408 intenti]
1052 2362 1262 2405 intentique
1288 2363 1314 2394 B
1334 2373 1378 2395 m.
1394 2372 1453 2405 pr.
