1610 2522
389 104 722 139 HISTORIARUM
748 103 1033 138 ALEXANDRI
1059 103 1101 145 X,
1132 108 1160 137 1.
1367 103 1452 144 355

96 215 231 256 niunt.
294 213 406 255 Hinc
440 213 624 269 Bagoas,
664 213 765 254 hinc
804 212 854 253 ab
890 226 938 253 eo
972 212 1193 253 subornati
1224 211 1342 252 falsis
1376 211 1451 251 cri-

96 274 284 315 minibus
318 276 527 328 occupant
559 287 691 314 aures.
754 271 997 326 Antequam
1031 271 1218 312 accusari
1248 285 1291 311 se
1319 270 1451 324 suspi—
1480 281 1523 312 37

98 336 265 375 caretur
286 332 470 385 Orsines,
501 332 544 373 in
573 332 741 373 vincula
768 334 830 372 est
856 332 1049 372 traditus.
1100 330 1201 372 Non
1228 333 1453 371 contentus

98 392 308 447 supplicio
342 393 524 433 insontis
562 392 692 446 spado
725 391 815 445 ipse
847 391 1056 432 morituro
1089 404 1262 431 manum
1296 389 1452 429 iniecit.

62 452 233 501 ⁵Quem
278 450 450 493 Orsines
493 452 681 492 intuens:
728 450 999 504 ‘Audie1·am‚'
1046 450 1205 504 inquit7
1251 449 1309 489 “in
1350 448 1453 489 Asia

97 512 199 553 olim
244 526 442 567 regnasse
485 510 682 551 feminas:
727 509 809 551 hoc
847 524 946 551 vero
988 523 1145 550 novum
1180 512 1244 549 est
1276 523 1452 564 regnare

97 570 361 612 castratum!⁹
413 569 496 611 Hic
533 570 615 611 fuit
654 570 791 611 exitus
833 568 1087 611 nobilissimi
1120 567 1344 609 Persarum
1377 581 1455 608 nec
1479 578 1524 609 38

95 631 278 672 insontis
310 630 449 682 modo,
488 630 560 670 sed
592 629 770 670 eximiae
804 642 973 682 quoque
1005 627 1283 684 benignitatis
1317 627 1359 667 in
1392 641 1453 667 re-

97 704 205 746 gem.
279 689 442 730 Eodem
485 691 676 743 tempore
720 687 953 729 Phradates
997 702 1175 743 regnum
1221 687 1454 728 adfectasse
1481 697 1524 728 39

43 760 78 786 10
97 751 318 803 suspectus
351 748 569 790 occiditur.
622 746 827 802 Coeperat
861 762 949 788 esse
980 761 1182 802 praeceps
1211 747 1264 787 ad
1290 760 1454 800 reprae-

97 809 302 850 sentanda
334 807 555 862 supplicia,
587 807 688 848 item
720 807 771 847 ad
799 808 1008 848 deteriora
1034 807 1258 847 credenda:
1291 806 1454 846 scilicet
1480 816 1524 847 40

97 882 163 909 res
195 868 403 909 secundae
434 867 578 908 valent
610 870 872 908 commutare
902 869 1112 919 naturam,
1145 868 1187 906 et
1218 880 1312 906 raro
1341 865 1452 918 quis-

98 942 224 981 quam
270 941 370 981 erga
412 926 525 968 bona
568 941 643 967 sua
687 926 790 966 satis
836 929 985 967 cautus
1025 929 1098 966 est.
1179 923 1297 966 Idem
1340 925 1452 965 enim

96 987 224 1041 paulo
265 989 362 1028 ante
394 984 646 1040 Lyncestem
677 985 968 1027 Alexandrum
1007 985 1194 1026 delatum
1233 1000 1255 1024 a
1289 983 1455 1024 duobus

44 1057 76 1082 15
96 1045 308 1087 indicibus
341 1045 540 1086 damnare
571 1059 655 1086 non
690 1045 963 1097 sustinuerat,
1000 1044 1252 1085 humiliores
1285 1058 1454 1097 quoque
1479 1055 1522 1085 41

97 1120 190 1146 reos
229 1108 376 1146 contra
408 1119 526 1146 suam
559 1104 842 1158 voluntatem,
884 1105 984 1159 quia
1017 1104 1168 1145 ceteris
1201 1103 1454 1143 videbantur

97 1165 299 1219 insontes,
330 1178 480 1218 passus
512 1164 689 1218 absolvi,
721 1163 919 1204 hostibus
952 1163 1076 1204 victis
1109 1177 1240 1217 regna
1266 1162 1454 1203 reddide-

97 1227 179 1265 rat:
226 1224 278 1265 ad
320 1223 521 1264 ultimum
560 1223 671 1264 vitae
710 1226 877 1264 tantum
917 1223 968 1264 ab
1011 1223 1239 1276 semetipso
1280 1222 1452 1277 degene-
1480 1233 1523 1263 42

97 1284 219 1337 ravit,
250 1285 299 1323 ut
330 1282 473 1324 invicti
505 1283 718 1336 quondam
752 1283 953 1323 adversus
985 1283 1206 1323 libidinem
1235 1281 1365 1322 animi
1393 1296 1455 1321 ar-

44 1354 78 1379 20
96 1343 226 1384 bitrio
273 1343 404 1384 scorti
441 1342 536 1383 aliis
578 1356 708 1396 regna
747 1342 883 1396 daret,
928 1341 1021 1382 aliis
1061 1342 1265 1382 adimeret
1309 1340 1454 1381 vitam.

53 1400 76 1434 6
186 1401 326 1443 Isdem
363 1402 451 1442 fere
490 1401 637 1442 diebus
679 1402 843 1442 litteras
882 1416 905 1441 a
936 1399 1076 1443 Coeno
1117 1400 1272 1455 accipit
1311 1400 1360 1440 de
1393 1414 1453 1440 re-
1480 1410 1525 1442 43

98 1460 179 1502 bus
218 1462 261 1502 in
293 1461 468 1514 Europa
501 1463 542 1501 et
572 1460 676 1501 Asia
709 1460 858 1516 gestis,
902 1460 1003 1501 dum
1035 1461 1126 1515 ipse
1158 1459 1323 1500 Indiam
1359 1458 1453 1499 sub—

99 1520 197 1576 egit.
247 1519 445 1574 Zopyrio,
472 1519 676 1561 Thraciae
702 1521 984 1574 praepositUS,
1016 1534 1111 1561 cum
1139 1519 1453 1574 expeditionem
1480 1531 1525 1560 44

99 1580 143 1620 in
171 1578 298 1621 Getas
331 1580 499 1632 faceret,
532 1579 859 1634 tempestatibus
893 1580 1177 1633 procellisque
1210 1578 1354 1619 subito
1388 1592 1455 1618 co-

196 1700 212 1730 1
242 1695 288 1729 ab
316 1696 373 1741 eo]
400 1696 520 1730 habeo
547 1700 583 1729 F.
660 1699 679 1730 3
705 1695 872 1741 vincula]
898 1696 1049 1730 uinculo
1069 1700 1105 1730 P.
1180 1695 1280 1741 Non]
1307 1707 1393 1729 nam
1413 1698 1452 1728 V.

101 1747 121 1776 4
148 1742 348 1788 supplicio]
372 1743 555 1788 subplicio
576 1747 629 1776 FL
650 1756 770 1788 ·m.pr.
811 1743 969 1788 suplicio
995 1747 1034 1777 V.
1111 1747 1130 1777 5
1156 1742 1295 1788 inquit]
1322 1742 1454 1786 inquid

99 1794 172 1824 LV.
266 1794 285 1824 6
311 1791 503 1836 regnasse]
528 1802 685 1836 regnase
710 1795 750 1825 V.
837 1795 857 1825 8
890 1790 1152 1836 benignitatis]
1179 1790 1392 1835 benignitas
1420 1794 1453 1823 c.

101 1842 144 1872 10
166 1837 361 1884 Coeperat]
383 1841 556 1883 caeperat
575 1842 649 1872 LV.
725 1843 764 1873 11
789 1839 990 1884 supplicia]
1011 1837 1196 1882 subplicia
1215 1841 1288 1871 PV.
1363 1837 1454 1871 item

99 1890 132 1919 1:
159 1885 257 1919 idem
284 1889 323 1919 A.
434 1886 482 1920 ad
509 1886 708 1932 deteriora]
735 1886 945 1921 adeteriora
970 1890 1005 1920 P.
1110 1885 1270 1931 scilicet]
1297 1884 1455 1919 sicilicet

99 1937 125 1966 P
145 1945 264 1977 m.pr.
373 1938 414 1967 14
447 1933 667 1977 Lyncestem
692 1937 725 1968 1:
754 1933 949 1968 lincestem
974 1937 1003 1967 A
1030 1933 1227 1980 [lincesten
1252 1933 1309 1979 V]
1417 1932 1454 1978 a]

101 1992 166 2015 om.
187 1985 213 2013 F
233 1993 277 2014 m.
292 1993 352 2025 pr.
501 1985 540 2014 17
570 1980 727 2026 absolvi]
755 1981 901 2015 adsolui
927 1986 960 2015 C.
1098 1991 1215 2025 regna
1240 1979 1455 2014 reddiderat

99 2028 387 2062 Freinshemius:
414 2039 569 2073 regnare
594 2028 749 2062 duxerat
775 2031 814 2062 A.
906 2032 949 2063 18
975 2028 1073 2062 vitae
1093 2030 1241 2062 tantum
1268 2028 1451 2062 Heraeus:

99 2075 296 2110 traiectum
318 2079 357 2109 A.
470 2080 511 2109 19
544 2075 703 2110 invictz
727 2076 873 2120 scripsi:
900 2076 938 2109 in
965 2079 1005 2109 A.
1104 2075 1308 2120 quondam]
1336 2074 1454 2118 quod-

101 2122 186 2156 dam
213 2126 234 2155 c
261 2123 439 2168 [quodam
466 2126 491 2156 B
512 2123 660 2169 mpr]
746 2127 787 2157 21
816 2123 954 2169 Isdem]
979 2123 1114 2157 Iisdem
1141 2126 1178 2157 P.
1269 2133 1285 2155 a
1316 2121 1454 2168 Coeno]

101 2180 214 2204 aceno
231 2174 268 2204 c:
291 2182 389 2205 error
408 2175 457 2205 est
473 2171 578 2205 Curti
596 2171 669 2205 ἀπὸ
691 2176 819 2205 κοινοῦ
840 2175 871 2205 et
888 2171 962 2205 ἀπὸ
978 2169 1120 2205 Κοίνου
1138 2170 1402 2212 confundentis.

100 2217 254 2263 accipit]
281 2218 426 2262 accepit
451 2221 488 2252 B.
587 2222 631 2251 22
653 2218 783 2264 gestis]
805 2218 910 2252 iestis
929 2222 966 2252 P.
1046 2218 1207 2263 Indiam]
1227 2217 1396 2262 indigam
1416 2221 1452 2251 P.

101 2268 144 2298 23
178 2264 334 2308 Zopyrio
360 2269 393 2299 I:
426 2265 566 2310 zopirio
592 2268 621 2298 A
653 2265 846 2311 [zophyrio
875 2266 932 2311 V].
1032 2265 1228 2310 Thraciae]
1260 2264 1402 2298 traciae
1427 2268 1453 2297 P

100 2323 238 2392 ⁷11.hpr.‚
263 2312 399 2346 tratiae
419 2316 458 2346 V.
558 2317 602 2346 24
623 2311 736 2346 Getas
764 2314 995 2348 Vindezinus:
1017 2315 1142 2357 gestas
1163 2315 1202 2345 A.
1301 2311 1452 2356 coortis]

102 2370 143 2393 co
173 2359 263 2394 ortis
290 2363 326 2393 P.

1171 2418 1239 2451 23*
