1610 2522
382 84 717 120 HISTORIARUM
743 83 1028 118 ALEXANDRI
1054 83 1114 126 VI,
1143 88 1172 117 1.
1375 82 1455 124 151

101 195 446 239 distrahebantur.
509 194 655 248 Leqati
686 207 840 247 quoque
883 193 940 234 ad
967 192 1154 234 Dareum
1196 192 1314 233 missi
1352 195 1458 232 sunt.

103 256 175 309 qui
206 255 263 297 ad
291 254 434 296 bellum
470 254 707 306 ampliorem
742 254 823 294 vim
851 253 1053 305 pecuniae
1083 251 1303 304 pluresque
1333 264 1459 292 naves

97 317 289 368 peterent.
340 314 475 367 Atque
507 314 605 354 haec
637 326 775 354 eorum
795 311 966 353 consilia
995 311 1128 353 clades
1160 311 1217 352 ad
1241 310 1377 352 Issum
1403 335 1456 339 —

103 388 202 416 nam
235 388 280 415 ea
310 374 581 415 intervenerat
610 397 667 401 -
699 372 798 413 adeo
829 385 912 413 non
943 370 1227 423 interpellavit,
1258 374 1305 411 ut
1335 370 1459 412 etiam

103 434 326 476 adiuvaret.
373 433 531 486 Quippe
554 432 774 485 fuqientem
802 432 1006 472 insecutus
1031 429 1271 471 Alexander
1295 430 1342 470 in
1374 428 1460 470 loca

101 494 149 534 in
182 493 269 534 dies
300 492 587 545 lonqinquiora
618 491 874 544 rapiebatur,
907 493 944 531 et
973 503 1022 531 ex
1052 489 1141 543 ipso
1168 488 1324 542 proelio
1357 502 1461 530 mer-

102 553 392 594 cennariorum
426 553 571 605 inqens
612 549 827 591 multitudo
859 550 905 590 in
941 548 1164 591 Graeciam
1192 550 1297 601 fluqa.
1328 561 1369 589 se
1400 561 1461 590 re-

103 615 288 664 ceperat:
321 625 491 664 quorum
520 614 602 652 octo
621 609 740 651 milia
764 610 946 662 pecunia
966 609 1163 650 conduxit
1179 607 1286 661 Aqis
1305 621 1461 648 eorum-

105 685 181 724 que
230 684 350 723 opera
394 670 614 723 plerasque
661 668 914 711 Cretensium
966 668 1083 709 urbes
1128 668 1283 720 recepit.
1358 666 1458 709 Cum

102 731 291 782 deinceps
317 730 474 771 fllenon
509 730 554 770 in
581 728 806 770 Thraciam
837 728 887 769 ab
914 727 1155 768 Alexandro
1187 727 1339 769 missus
1370 726 1463 767 bar-

104 790 227 832 baros
258 790 315 830 ad
344 789 601 842 defectionem
632 787 846 838 inpulisset
881 792 1001 839 atque
1032 787 1256 839 Antipater
1286 786 1343 827 ad
1371 799 1462 827 eam
1484 787 1496 799 ‘

106 849 442 902 conprimendam
486 849 702 890 eoeercitum
755 861 803 888 ex
852 843 1105 888 Macedonia
1149 847 1191 886 in
1239 845 1460 886 Thraciam

105 909 299 962 duxisset,
331 908 632 961 opportunitate
657 907 848 960 temporis
867 909 1029 947 strenue
1052 906 1120 946 usi
1146 905 1464 946 Lacedaemonii

104 971 228 1009 totam
246 966 568 1020 Peloponnesum
584 968 735 1019 paucis
753 965 922 1007 urbibus
942 966 1116 1017 exceptis
1134 965 1192 1006 ad
1205 977 1304 1006 suas
1319 967 1465 1017 partes

105 1030 324 1068 traxerunt
353 1027 602 1080 confectoque
627 1026 803 1067 exercitu
819 1025 968 1078 viqinti
988 1024 1152 1066 milium
1167 1024 1351 1078 peditum
1373 1037 1461 1064 cum

104 1087 260 1128 duobus
292 1086 459 1127 milibus
496 1087 675 1139 equitum
708 1085 840 1139 Aqidi
876 1098 1082 1126 summam
1119 1084 1286 1136 imperii
1318 1082 1465 1125 detule-

105 1149 216 1187 runt.
287 1146 508 1198 Antipater
556 1159 605 1187 ea
653 1159 697 1186 re
746 1147 935 1197 conperta
982 1143 1129 1185 bellum
1177 1143 1224 1183 in
1273 1142 1466 1195 Tliracia,

105 1205 253 1258 quibus
281 1208 411 1258 potest
439 1204 753 1257 condicionibus,
782 1204 971 1257 conponit
995 1203 1229 1256 raptimque
1260 1203 1307 1243 in
1337 1200 1466 1243 Grae-

105 1265 215 1306 ciam
252 1277 458 1317 reqressus
502 1265 552 1306 ab
598 1264 744 1305 amicis
788 1264 986 1315 sociisque
1024 1262 1260 1304 civitatibus
1301 1260 1465 1303 auxilia

106 1324 220 1377 coqit.
289 1324 444 1376 Quibus
474 1323 801 1365 convenientibus
831 1323 888 1364 ad
917 1322 1196 1375 quadraqinta
1236 1320 1358 1362 milia
1392 1321 1465 1361 rni-

106 1383 226 1424 litum
256 1384 466 1425 recensuit.
515 1383 752 1424 Advenerat
781 1382 906 1423 etiam
938 1395 986 1423 ex
1014 1380 1290 1433 Peloponneso
1322 1379 1464 1421 valida

108 1455 280 1484 manus:
318 1443 390 1484 sed
418 1443 519 1495 quia
544 1443 713 1484 dubiam
745 1455 883 1483 eorum
913 1441 1036 1494 fidem
1068 1443 1315 1492 coqnoirerat‚
1347 1440 1469 1480 dissi-

107 1502 268 1542 mulata
291 1502 522 1554 suspicione
555 1503 718 1554 qratias
750 1501 846 1553 eqit,
885 1501 994 1552 quod
1024 1501 1080 1540 ad
1111 1499 1408 1551 defendendam
1441 1512 1465 1539 a

114 1561 454 1602 Lacedaemoniis
474 1561 709 1602 Alexandri
740 1561 979 1613 diqnitatem
1013 1560 1264 1611 adfuissent:
1296 1559 1469 1610 scriptu--

109 1635 204 1661 rum
235 1634 277 1661 se
307 1621 353 1662 id
382 1621 470 1673 reqi
485 1622 670 1674 qratiam
692 1621 736 1660 in
756 1623 930 1672 tempore
949 1618 1141 1660 relaturo.
1193 1618 1245 1659 In
1266 1630 1469 1670 praesens

111 1679 219 1721 nihil
252 1693 353 1732 opus
384 1692 466 1721 esse
503 1679 730 1721 maioribus
760 1679 910 1731 copiis:
953 1679 1091 1730 itaque
1121 1678 1260 1718 domos
1290 1677 1472 1718 redirent

107 1739 285 1792 foederis
316 1740 550 1780 necessitate
580 1738 748 1791 expleta.
813 1738 993 1778 Nuntios
1025 1737 1169 1778 deinde
1200 1737 1257 1778 ad
1286 1736 1470 1777 Alexan-

111 1799 234 1840 drum
267 1799 393 1840 mittit
435 1799 482 1839 de
512 1802 623 1839 motu
659 1797 861 1840 Graeciae
892 1797 1099 1837 certiorem
1128 1797 1328 1849 facturus.
1393 1795 1469 1836 At-

110 1871 187 1911 que
221 1857 284 1898 illi
313 1872 443 1911 reqem
478 1858 593 1910 apud
620 1857 780 1898 Bactra
811 1857 969 1898 demum
1005 1856 1204 1897 consecuti
1234 1858 1345 1904 sunt,
1378 1868 1466 1895 cum

112 1918 279 1958 interim
317 1917 538 1969 Antipatri
580 1917 753 1958 victoria
795 1920 834 1957 et
870 1929 962 1956 nece
1000 1915 1153 1968 Aqidis
1197 1916 1243 1955 in
1280 1914 1471 1955 Arcadia

111 1989 177 2017 res
209 1979 418 2018 transacta
452 1980 560 2018 esset.
624 1975 714 2017 Rex
746 1977 833 2017 iam
858 1975 1024 2028 pridem
1057 1973 1233 2016 tumultu
1266 1973 1470 2014 Lacedae-

113 2037 342 2077 moniorum
378 2037 546 2088 coquito,
577 2037 777 2088 quantum
805 2037 860 2076 tot
879 2038 1081 2075 terrarum
1103 2034 1253 2086 spatiis
1273 2033 1470 2074 discretus

108 2096 254 2147 potuit,
270 2096 528 2146 providerat:
555 2094 851 2147 Amphoterum·
871 2107 959 2134 cum
986 2092 1152 2146 Cypriis
1177 2095 1215 2133 et
1234 2091 1472 2132 Phoeniciis

114 2154 290 2194 navibus
327 2156 370 2195 in
405 2154 730 2207 Peloponnesum
771 2154 986 2205 naviyare,
1026 2151 1195 2193 Meneta
1234 2152 1314 2191 tria
1353 2150 1470 2191 milia

116 2212 313 2254 talentum
345 2213 401 2254 ad
432 2227 546 2255 mare
576 2214 731 2266 deferre
764 2214 949 2260 iusserat,
995 2215 1038 2251 ut
1067 2225 1116 2251 ez·
1138 2211 1374 2264 propinquo
1399 2223 1472 2261 pe-

117 2273 285 2312 cuniam
317 2272 542 2325 Antipatro
580 2272 931 2326 subministraret,
967 2273 1122 2322 quanta
1162 2269 1226 2310 illi
1258 2282 1358 2321 <nius
1389 2281 1473 2310 esse

118 2332 374 2383 coynov‘isset.
438 2331 570 2373 Probe
607 2332 716 2372 enim
742 2333 1023 2383 perspexerat,
1067 2329 1214 2381 quanti
1245 2328 1302 2369 ad
1331 2328 1470 2368 omnia
