1610 2522
48 353 93 386 xl

72 540 90 568 Ι-ἰ

120 122 205 162 246
626 120 669 160 Q.
694 118 835 154 CURTI
864 118 975 152 RUFI

120 231 235 271 velut
266 229 373 270 freni
410 229 664 271 domitarum
699 227 900 283 gentium,
935 242 1046 268 nunc
1073 227 1249 280 originis
1277 242 1376 268 suae
1404 227 1474 268 ob-

119 291 193 331 lita
228 289 428 338 serviunt,
463 288 617 343 quibus
651 289 976 341 imperaverunt.

208 348 265 389 Et
304 351 442 391 cetera
482 348 651 402 quidem
690 350 916 402 pacaverat
946 361 1031 388 rex.
1094 345 1189 388 Una
1222 349 1311 387 erat
1344 349 1475 400 petra,
1497 349 1542 384 41

120 423 246 462 quam
281 407 526 449 Ariamazes
567 406 806 463 Sogdianus
852 420 945 447 cum
986 417 1080 446 xxx
1126 405 1299 447 milibus
1344 421 1476 447 arma-

119 472 260 509 torum
296 467 516 509 obtinebat
550 467 762 508 alimentis
796 468 893 506 ante
928 466 1154 521 congestis,
1193 479 1299 519 quae
1333 468 1476 506 tantae
1514 482 1529 506 5

122 527 386 568 multitudini
431 528 498 568 vel
542 541 617 581 per
661 525 877 567 biennium
925 527 1210 579 suppeterent.
1272 524 1400 566 Petra
1434 524 1474 565 in

119 587 389 628 altitudinem
422 598 517 627 xxx
564 586 719 627 eminet
761 585 916 638 stadia,
960 585 1138 626 circuitu
1173 595 1197 625 C
1237 587 1279 625 et
1312 595 1338 624 L
1381 598 1475 626 con-

119 647 338 701 plectitur:
365 646 552 700 undique
580 646 745 686 abscisa
773 648 814 686 et
841 644 1023 698 abrupta
1049 643 1198 685 semita
1220 646 1478 699 perangusta

119 706 269 747 aditur.
315 704 364 746 In
391 705 531 746 medio
559 704 799 746 altitudinis
827 704 965 758 spatio
992 703 1121 745 habet
1145 717 1330 758 specum,
1357 703 1476 744 cuius

119 780 163 807 os
203 768 341 806 artum
382 768 424 806 et
462 765 689 806 obscurum
726 766 805 805 est:
850 763 1056 818 paulatim
1092 762 1242 803 deinde
1273 763 1477 804 ulteriora
1498 780 1530 804 ιο

119 825 375 879 panduntur,
409 824 560 865 ultima
593 823 719 865 etiam
747 824 855 864 altos
882 837 1071 864 recessus
1098 822 1268 863 habent.
1319 820 1476 863 Fontes

120 899 194 939 per
219 887 359 925 totum
386 884 473 925 fere
502 898 674 937 specum
700 885 887 936 manant,
914 897 935 923 e
962 881 1117 935 quibus
1145 883 1323 923 collatae
1345 896 1478 936 aquae

120 959 194 999 per
225 958 360 998 prona
394 943 551 985 montis
584 943 744 984 flumen
776 943 990 983 emittunt.
1053 940 1143 982 Rex
1182 941 1262 982 loci
1299 940 1479 982 difficul-

120 1006 206 1045 tate
239 1005 429 1058 spectata
461 1004 668 1044 statuerat
695 1001 790 1042 inde
821 1001 954 1043 abire:
988 1001 1142 1056 cupido
1171 1000 1320 1042 deinde
1347 1000 1478 1042 inces-

122 1063 178 1104 sit
222 1063 364 1104 animo
410 1066 606 1104 naturam
652 1075 821 1115 quoque
865 1060 1085 1116 fatigandi.
1167 1059 1291 1101 Prius
1335 1063 1477 1102 tamen
1499 1077 1532 1102 15

121 1137 248 1177 quam
281 1123 497 1163 fortunam
532 1121 768 1163 obsidionis
801 1122 1075 1175 experiretur,
1109 1119 1283 1174 Cophen
1316 1144 1374 1149 —
1401 1119 1476 1160 Ar·

122 1182 259 1224 tabazi
292 1181 361 1223 hic
393 1181 506 1223 filius
540 1184 629 1222 erat
664 1205 716 1210 -——
750 1181 867 1221 misit
899 1180 950 1221 ad
982 1179 1200 1233 barbaros,
1232 1178 1305 1233 qui
1331 1179 1475 1220 suade-

122 1245 195 1295 ret,
227 1244 275 1283 ut
307 1241 508 1283 dederent
533 1255 692 1295 rupem.
745 1240 987 1281 Ariamazes
1013 1240 1108 1280 loco
1135 1238 1269 1280 fretus
1296 1239 1475 1293 superbe

121 1303 255 1343 multa
286 1301 518 1356 respondit,
560 1301 612 1341 ad
644 1300 857 1353 ultimum,
889 1314 943 1339 an
975 1297 1213 1340 Alexander
1245 1298 1371 1339 etiam
1403 1311 1474 1339 vo-

121 1364 206 1403 lare
239 1364 394 1415 posset,
430 1361 678 1415 interrogat.
743 1358 858 1408 Quae
890 1359 1087 1400 nuntiata
1118 1358 1209 1413 regi
1242 1358 1302 1398 sic
1335 1371 1478 1399 accen·
1500 1375 1534 1400 20

122 1422 218 1462 dere
250 1420 452 1470 animum,
485 1424 533 1461 ut
565 1418 778 1469 adhibitis,
812 1433 907 1460 cum
936 1418 1091 1473 quibus
1120 1418 1360 1459 consultare
1391 1419 1479 1458 erat

123 1481 292 1533 solitus,
337 1480 544 1522 indicaret
588 1480 860 1520 insolentiam
905 1477 1075 1519 barbari
1109 1476 1318 1518 eludentis
1352 1476 1481 1531 ipsos,

123 1541 222 1594 quia
266 1540 419 1594 pinnas
464 1554 551 1580 non
595 1538 816 1580 haberent:
863 1552 907 1578 se
945 1540 1087 1578 autem
1131 1537 1325 1591 proxima
1356 1539 1481 1577 nocte

123 1600 386 1652 effecturum,
418 1601 466 1640 ut
499 1599 685 1640 crederet
704 1597 956 1639 Macedones
990 1596 1119 1638 etiam
1152 1597 1303 1637 volare.
1353 1595 1480 1648 ‘’,CCC

126 1659 280 1713 inquit,
327 1658 660 1712 ‘pernicissimos
705 1658 876 1698 iuvenes
921 1670 971 1697 ex
1012 1656 1099 1697 suis
1134 1655 1312 1721 quisque
1346 1654 1480 1709 copiis
1501 1671 1533 1696 25

125 1718 343 1773 perducite
376 1718 428 1759 ad
460 1732 537 1772 me,
575 1718 647 1771 qui
681 1732 756 1771 per
787 1718 914 1758 calles
948 1718 989 1757 et
1021 1729 1153 1770 paene
1186 1714 1322 1755 invias
1355 1729 1480 1768 rupes

125 1778 237 1819 domi
278 1791 433 1832 pecora
472 1791 596 1832 ageie
637 1776 971 1818 consueverant'.
1035 1775 1102 1816 Illi
1145 1776 1407 1828 praestantes
1440 1776 1481 1814 et

222 1960 237 1988 1
267 1955 371 1999 suae}
399 1965 465 1987 sua·
491 1957 526 1987 P.
609 1957 629 1986 4
656 1953 868 1986 Ariamazes
895 1952 1040 1996 scripsi:
1070 1951 1246 1985 arimazes
1274 1953 1312 1984 A.
1398 1961 1479 1984 cum

125 2014 190 2037 om.
212 2006 247 2036 P.
318 2006 336 2035 5
359 2001 569 2047 obtinebat]
591 2000 776 2034 obtinebit
792 2003 826 2033 P.
899 2003 940 2033 10
962 1999 1157 2044 ulteriora]
1178 1998 1225 2032 ad
1246 1997 1423 2032 ulteriora
1444 2000 1480 2030 Β.

127 2054 165 2084 11
197 2049 292 2084 altos
320 2053 352 2084 1:
381 2048 479 2083 altus
506 2052 545 2082 A.
659 2052 699 2082 12
727 2058 879 2092 specum
905 2051 946 2080 P:
975 2046 1139 2091 spatium
1167 2049 1198 2079 c.
1309 2049 1350 2079 14
1378 2045 1481 2090 inde]

126 2097 260 2132 deinde
287 2101 312 2130 P
332 2109 450 2141 impr.
539 2100 580 2130 16
609 2095 758 2139 Cophen
789 2095 1008 2129 Frobem‘us:
1037 2093 1181 2138 cophan
1209 2096 1246 2126 A.
1330 2095 1371 2126 17
1400 2104 1481 2127 sua-

127 2146 246 2190 deret]
281 2144 455 2178 suaderat
484 2147 520 2177 P.
645 2146 687 2178 18
714 2142 925 2176 Ariamazes
958 2143 1102 2186 scripsi:
1137 2140 1315 2174 arimazas
1343 2144 1376 2181 c,
1404 2139 1482 2173 aui-

126 2204 249 2226 mazos
275 2196 311 2226 P.
411 2191 567 2235 superbe
596 2195 629 2225 1:
658 2190 817 2234 superba
843 2194 880 2226 P.
907 2189 1104 2234 superbiae
1131 2193 1163 2221 C.
1272 2191 1313 2221 19
1341 2198 1387 2221 an
1415 2199 1480 2222 om.

126 2243 151 2273 B
175 2252 216 2273 m.
233 2252 292 2283 pr.
395 2239 505 2273 etiam
532 2238 656 2272 volare
683 2242 724 2272 P:
753 2237 880 2271 uolare
908 2241 939 2270 c.
1046 2239 1090 2270 20
1117 2235 1340 2281 interrogat]
1368 2235 1481 2269 inter-

128 2290 256 2332 rogaet
277 2291 311 2321 P.
389 2291 429 2320 21
460 2286 656 2331 adhibitis]
684 2285 839 2319 adibitis
860 2288 895 2319 P.
978 2288 1021 2317 2²3
1048 2283 1244 2328 haberent]
1273 2282 1426 2317 aberent
1445 2285 1481 2315 P.

129 2339 171 2368 ‘24
200 2335 383 2379 crederet]
411 2334 604 2368 crederent
629 2337 664 2367 P.
794 2335 837 2366 26
865 2332 999 2377 paene]
1026 2342 1142 2376 poene
1170 2335 1204 2364 P.
1328 2333 1369 2363 27
1399 2341 1482 2364 con-

130 2385 324 2417 sueverant
351 2387 388 2417 C:
417 2384 636 2416 consuerant
664 2385 698 2414 P.
