1610 2522
63 630 103 658 1‘.)

59 1800 106 1833 lx·

139 90 221 132 12¹)
635 89 674 130 Q.
704 88 844 123 CURTI
873 88 985 122 RVFI

134 200 212 241 bns
259 199 449 253 peditum
497 201 796 253 occupaverat,
842 212 967 252 rupes
1007 197 1194 252 undique
1239 201 1489 253 praeruptas

134 260 196 314 {et
216 258 433 313 abscisas],
467 259 507 299 in
543 272 721 313 quarum
756 257 1049 299 cacuminibus
1081 259 1202 298 extra
1227 257 1301 298 teli
1330 257 1487 298 iactum

135 319 302 360 barbari
338 318 510 359 stabant
536 317 585 358 de
619 317 829 359 industria
856 317 987 370 quieti
1022 319 1064 357 et
1090 316 1344 370 paventibus
1377 316 1487 358 simi—

135 379 204 432 les,
238 378 371 419 donec
396 378 440 419 in
466 377 701 419 artissimas
722 377 865 417 fauces
893 378 1132 430 penetraret
1165 390 1328 429 agmen.
1368 374 1490 425 Quod

134 438 205 479 ubi
239 440 487 491 contemptu
527 436 590 477 sui
634 450 809 491 pergere
842 435 1008 488 vident,
1046 438 1136 476 tum
1169 450 1269 476 vero
1304 435 1490 491 ingentis
1527 450 1543 476 ο

132 497 440 553 magnitudinis
473 511 574 537 saxa
605 511 681 551 per
702 495 911 536 montium
946 509 1081 549 prona
1108 494 1351 547 devolvunt,
1384 509 1489 550 quae

133 557 301 598 incussa
341 555 510 610 saepius
549 554 867 596 subiacentibus
906 555 1038 608 petris
1070 555 1230 595 maiore
1264 556 1303 595 vi
1337 554 1489 596 incide-

134 617 237 658 bant
268 630 345 657 nec
373 615 566 671 singulos
586 615 726 668 modo,
760 614 832 655 sed
854 614 1024 669 agmina
1044 614 1330 668 proterebant.
1382 613 1489 655 Fun-

133 676 197 717 dis
231 690 401 730 quoque
429 674 592 716 excussi
626 674 788 728 lapides
822 677 864 715 et
895 674 1076 729 sagittae
1107 673 1295 727 undique
1329 673 1490 730 ingere-

134 736 299 776 bantur.
375 734 466 775 Nec
504 734 547 776 id
585 734 869 775 miserrimum
912 733 1097 774 fortibus
1138 733 1238 774 viris
1279 736 1379 786 erat,
1418 731 1489 774 sed
1510 748 1544 774 ιο

133 795 246 849 quod
281 794 426 847 inulti,
460 793 574 848 quod
613 794 798 849 ferarum
834 794 918 834 ritu
950 793 1081 833 veluti
1117 792 1159 833 in
1191 793 1313 835 fovea
1348 793 1489 847 depre-

133 855 254 896 hensi
302 853 588 895 caederentur.
659 851 727 893 Ira
772 851 905 908 igitur
942 853 985 893 in
1024 852 1184 893 rabiem
1224 867 1345 894 versa
1389 852 1490 894 enii-

131 915 279 955 nentia
312 929 411 955 saxa
446 912 661 968 conplexi,
696 916 746 953 ut
777 912 829 952 ad
861 912 1028 953 hostem
1062 912 1350 966 pervenirent,
1381 911 1490 952 alius

131 974 260 1015 alium
302 973 491 1014 levantes
530 971 796 1013 conabantur
835 972 1077 1013 ascendere:
1129 987 1176 1012 ea
1212 971 1306 1026 ipsa
1336 971 1491 1013 multo-

130 1049 225 1075 rum
260 1034 388 1074 simul
421 1032 620 1073 manibus
648 1031 849 1073 convolsa
882 1031 923 1072 in
959 1045 1042 1085 eos,
1076 1031 1149 1085 qui
1176 1034 1543 1085 conn1overant‚1⁶

130 1093 386 1135 recidebant.
432 1090 522 1132 Nec
556 1095 666 1132 stare
699 1105 800 1147 ergo
821 1093 1019 1146 poterant
1051 1105 1129 1133 nec
1160 1091 1253 1143 niti,
1282 1106 1333 1132 ne
1361 1093 1490 1132 testu-

133 1153 230 1193 dine
264 1152 435 1206 quidem
470 1151 651 1207 protegi,
683 1164 777 1192 cum
802 1153 944 1192 tantae
965 1150 1091 1192 molis
1125 1165 1251 1192 onera
1284 1150 1489 1205 propelle-

130 1215 226 1253 rent
265 1211 446 1253 barbari.
510 1210 672 1267 Regem
705 1224 790 1252 non
825 1209 946 1251 dolor
979 1209 1117 1263 modo,
1150 1210 1222 1251 sed
1255 1210 1382 1251 etiam
1415 1225 1490 1264 pu-

132 1272 208 1313 dor
240 1273 398 1312 temere
431 1271 474 1311 in
502 1270 598 1311 illas
619 1270 838 1325 angustias
861 1269 1043 1311 coniecti
1064 1271 1276 1312 exercitus
1296 1269 1489 1326 angebat.

60 1350 91 1357 ··
130 1330 321 1373 Invictus
354 1333 451 1371 ante
485 1345 575 1371 earn
609 1330 718 1371 diem
751 1330 890 1371 fuerat
921 1329 1030 1370 nihil
1062 1329 1219 1370 frustra
1253 1343 1398 1383 ausus,
1430 1329 1491 1370 in·
1510 1347 1545 1374 Σο

131 1405 245 1445 pune
285 1389 458 1431 Ciliciae
497 1390 639 1430 fauces
678 1389 928 1442 intraverat,
970 1403 1085 1430 mare
1124 1403 1293 1443 quoque
1332 1403 1489 1429 novum

131 1450 173 1491 in
208 1449 507 1504 Pamphyliam
547 1449 629 1490 iter
661 1451 900 1502 aperuerat:
940 1451 1044 1490 tunc
1076 1448 1316 1490 haesitabat
1347 1448 1490 1502 depre-

83 1512 100 1539 ³'
129 1510 263 1551 hensa
293 1509 490 1562 felicitas,
522 1523 599 1549 nec
633 1508 747 1549 aliud
781 1508 1012 1549 remedium
1042 1511 1132 1549 erat
1166 1522 1291 1562 quam
1325 1507 1492 1561 reverti,

131 1584 215 1624 qua
246 1571 431 1610 venerat.
484 1567 633 1623 Itaque
667 1568 790 1623 signo
817 1568 1008 1622 receptui
1036 1567 1134 1608 dato
1169 1567 1355 1609 densatis
1383 1567 1490 1608 ordi-

130 1629 257 1670 nibus
299 1628 518 1682 scutisque
558 1642 685 1682 super
729 1627 869 1682 capita
908 1628 1116 1669 consertis
1159 1630 1272 1668 retro
1315 1627 1490 1668 evadere
1511 1644 1544 1670 π

129 1703 179 1729 ex
225 1688 434 1744 angustiis
474 1687 603 1728 iubet.
674 1702 757 1728 xxx
797 1688 914 1728 fuere
957 1686 1112 1740 stadia,
1157 1701 1262 1741 quae
1307 1686 1490 1727 remensi

129 1751 239 1789 sunt.

218 1806 326 1847 Tum
367 1806 516 1848 castris
550 1805 736 1859 undique
775 1808 922 1860 aperto
962 1805 1057 1848 loco
1089 1805 1242 1859 positis
1275 1819 1360 1846 non
1393 1819 1490 1846 con·
1513 1809 1560 1845 18

228 1928 242 1957 1
272 1935 383 1968 rupes
409 1923 573 1967 undique
600 1924 821 1967 praeruptas
850 1923 903 1968 [et
929 1921 1110 1968 abscisas]
1137 1922 1250 1966 scrip
1248 1923 1282 1955 i:
1315 1933 1425 1966 rupes
1453 1923 1490 1956 et

128 1971 293 2015 undique
327 1972 548 2016 praeruptas
582 1970 744 2004 abscisas
772 1974 814 2011 P
849 1980 958 2013 rupes
992 1969 1155 2003 abscisas
1189 1969 1353 2012 undiqm
1386 1979 1489 2014 pr-ae

129 2021 258 2064 ruptas
280 2022 351 2060 BL
380 2018 544 2053 abscisas
571 2029 679 2062 rupes
699 2017 866 2061 undique
886 2019 1108 2062 praeruptas
1129 2020 1166 2059 F,
1192 2027 1303 2061 rupes
1324 2016 1488 2052 abscisas

129 2070 165 2100 et
192 2066 357 2110 undique
384 2068 654 2111 piaemptasV
753 2068 771 2097 ss
799 2065 880 2111 per]
907 2076 973 2109 pro
994 2068 1032 2098 V.
1132 2068 1148 2097 7
1176 2064 1324 2098 incussa
1348 2065 1487 2099 Jauer:

131 2114 278 2149 incusse
305 2118 360 2148 cP
389 2126 434 2148 m.
460 2125 543 2156 sec„
571 2125 612 2147 sn
639 2093 664 2145 P
692 2125 733 2146 m.
758 2125 814 2156 pr.
939 2111 1156 2145 incidebant
1177 2111 1398 2147 Frobnms:
1433 2112 1487 2145 in·

130 2162 316 2196 cedebant
341 2165 380 2195 A.
507 2165 549 2194 13
584 2160 771 2206 conplexi]
805 2159 967 2204 conpleti
1001 2163 1039 2193 V.
1171 2164 1213 2192 15
1247 2159 1419 2193 convolsa-
1445 2163 1486 2193 P:

129 2209 307 2243 conuulsa
336 2213 368 2243 c.
495 2212 535 2242 17
563 2208 688 2253 molis]
716 2207 830 2241 moles
857 2211 882 2240 P
905 2218 1022 2251 impr.
1131 2207 1257 2252 onera]
1285 2206 1425 2241 honera
1449 2210 1486 2241 P.

131 2261 172 2290 19
201 2257 358 2291 coniecti
386 2257 610 2291 Frobenius:
644 2255 753 2289 eiecti
774 2259 811 2288 A.
937 2258 979 2288 2¹2
1007 2253 1282 2300 Pamphyliam]
1315 2254 1486 2299 pamphi·

128 2303 217 2337 liam
246 2309 278 2337 c.
364 2307 561 2348 aperuerat
588 2307 621 2338 1:
649 2304 892 2347 aperuenerat
915 2305 954 2335 Δ.
1055 2305 1097 2334 *2⁴3
1125 2301 1299 2347 remensi]
1326 2301 1485 2336 remansi

127 2354 153 2384 P
176 2364 216 2385 m.
235 2364 292 2396 pr.
394 2355 437 2386 28
465 2350 691 2397 consultare]
719 2349 861 2385 culsare
888 2353 916 2383 V
937 2362 981 2383 m.
998 2362 1057 2394 pr.
