1610 2522
160 95 245 137 368
664 95 704 138 Q.
733 95 877 131 CURTI
904 95 1018 130 RUFI

159 209 324 247 assueta
363 218 472 256 qens.
538 204 601 245 Ab
650 205 716 245 his
762 205 990 246 Persarum
1034 219 1144 256 reyes
1187 219 1326 247 annuo
1370 205 1519 248 tributo

159 278 299 316 pacem
343 265 542 305 ⁴redimere
585 264 781 314 solebant,
826 278 876 305 ne
915 265 959 305 in
1001 264 1220 306 subiectam
1263 269 1416 306 terram
1455 266 1521 306 de-

159 327 363 365 currentes
396 324 626 365 latrociniis
664 324 867 376 reqionem
897 324 1079 375 facerent
1121 325 1324 376 infestam.
1407 324 1520 365 Nam

161 385 242 424 vim
284 386 523 435 temptantes
563 383 717 424 Persas
750 383 876 435 facile
912 383 1174 436 reppulerant
1211 385 1432 437 asperitate
1469 383 1521 425 lo-

159 456 297 484 corum
350 443 522 495 defensi,
576 444 620 483 in
669 456 773 495 quae
821 456 863 484 se
910 443 1174 495 recipiebant,
1225 445 1408 495 quotiens
1457 457 1524 484 ar-

162 503 242 544 mis
279 503 463 554 superati
500 506 628 543 erant.
699 502 815 543 Idem
854 502 1091 544 muneribus
1128 504 1351 554 quotannis
1380 503 1524 556 placa-

161 562 330 613 bantur,
374 565 419 602 ut
460 562 547 613 reqi
593 561 837 611 Ecbatanis,
888 562 958 603 ubi
1002 563 1158 603 aestiva
1200 562 1350 604 solebat
1393 575 1523 615 were,

162 621 415 674 Babylonem
458 621 706 673 remiqranti
740 625 850 662 tutus
874 635 952 673 per
983 636 1028 663 ea
1063 621 1148 662 loca
1182 623 1385 664 transitus
1415 625 1523 663 esset.

163 680 254 722 Hos
294 681 420 733 iqitur
452 680 692 721 Alerander
729 681 923 733 bipartito
965 682 1130 732 aqminc
1162 681 1379 734 adqressus
1410 682 1526 722 intra

162 740 445 792 quadraqinta
478 740 564 781 (lies
587 740 834 792 perdomuit.
890 740 1004 781 Nam
1037 740 1088 781 ab
1120 742 1208 793 ipso
1241 754 1330 793 reqe
1361 744 1396 782 et
1429 739 1524 782 Pto-

163 797 329 850 lomaeo,
361 800 433 851 qui
457 803 622 851 partem
648 801 846 841 exercitus
873 800 1050 851 ducebat,
1082 814 1200 852 saepe
1230 801 1332 851 victi,
1364 803 1408 841 ut
1433 814 1524 853 cap-

164 860 266 900 tivos
303 872 397 900 suos
435 859 671 911 reciperent,
706 860 932 911 permisere
962 873 1003 901 se
1038 861 1187 901 rictori.
1252 859 1330 901 Ille
1361 859 1526 901 validas

163 918 281 960 urbes
320 919 560 971 opportunis
598 918 695 959 locis
732 919 853 959 condi
890 920 1029 969 iussit,
1068 933 1118 960 ne
1149 919 1319 961 abducto
1352 919 1526 960 exercitu

159 979 253 1030 fera
283 991 383 1030 ,qens
411 978 551 1031 iuqum
582 981 750 1019 exueret.
799 978 928 1020 *Motis
962 979 1057 1019 inde
1089 979 1246 1029 castris,
1278 982 1321 1020 ut
1356 978 1527 1020 militem

163 1037 419 1090 expeditione
455 1038 604 1078 recenti
638 1038 789 1090 fessum
826 1039 1018 1091 reficeret,
1058 1038 1161 1079 lento
1193 1039 1359 1091 aqmine
1390 1037 1529 1090 Baby-

165 1097 298 1139 lonem
335 1098 542 1149 processit.
614 1097 786 1150 Iamque
827 1098 899 1138 vix
942 1099 1116 1149 trissinta
1160 1098 1212 1139 ab
1248 1098 1346 1139 urbe
1384 1097 1526 1139 stadia

165 1157 323 1206 aberat,
362 1169 451 1197 cum
494 1156 708 1197 Nearchus
745 1158 935 1209 occurrit,
976 1171 1089 1210 quem
1128 1172 1202 1209 per
1245 1156 1452 1199 Oceanum
1492 1160 1529 1198 et

166 1216 400 1269 Euphratis
442 1217 546 1257 ostia
589 1216 837 1269 Babylonem
878 1218 1168 1269 praemiserat,
1211 1218 1437 1269 oravitque,
1477 1229 1528 1256 ne

162 1275 337 1328 fatalem
369 1275 450 1317 sibi
480 1275 620 1316 urbem
652 1276 765 1316 vellet
799 1277 966 1327 inqredi.
1020 1276 1266 1329 Conpertum
1302 1277 1345 1317 id
1375 1275 1455 1317 sibi
1480 1288 1529 1316 ea:

169 1333 404 1388 Chaldaeis,
435 1336 507 1387 qui
534 1335 759 1376 multarum
785 1336 873 1376 iam
892 1337 1225 1388 praedictionum
1258 1339 1398 1376 eventu
1423 1335 1529 1376 artis

165 1409 264 1435 suae
301 1395 425 1447 fidem
465 1395 627 1435 abunde
650 1395 947 1447 probavissent.
1019 1395 1110 1436 Rea·
1138 1397 1259 1447 fama
1291 1409 1430 1436 eorum
1460 1394 1528 1435 lio-

168 1455 328 1495 minum
361 1455 641 1506 constantique
673 1454 977 1496 adseveratione
1010 1459 1140 1496 motus
1171 1455 1357 1496 dimissis
1391 1455 1434 1495 in
1459 1467 1528 1494 ur-

167 1514 249 1555 bem
305 1515 529 1554 amicorum
569 1514 778 1566 plerisque
824 1514 914 1555 alia
957 1515 1027 1556 via
1067 1518 1230 1567 praeter
1273 1513 1528 1567 Babylonem

167 1573 280 1613 ducit
311 1587 360 1614 ac
401 1573 574 1614 ducenta
612 1574 709 1615 inde
739 1574 877 1614 stadia
918 1575 1069 1615 stativa
1111 1573 1300 1615 conlocat.
1365 1572 1448 1614 Sed
1477 1572 1528 1613 ab

166 1632 421 1674 Anaxarcho
457 1632 699 1685 philosopho
743 1633 902 1675 edoctus
946 1634 1184 1686 contemptis
1229 1632 1529 1674 Chaldaeorum

167 1692 353 1743 monitis,
394 1705 565 1744 quorum.
605 1692 871 1742 disciplinam
915 1694 1080 1734 inanem
1119 1696 1193 1734 aut
1231 1705 1529 1745 superi-acuam

166 1751 465 1801 arbitrabatur,
510 1751 649 1793 urbem
690 1752 828 1793 intrat.
892 1752 1134 1803 Leqationcs
1173 1766 1215 1793 eo
1253 1765 1301 1792 ea·
1341 1752 1527 1792 universo

165 1812 294 1862 ferme
343 1810 435 1851 orbe
484 1811 776 1862 confluxerant.
864 1812 1019 1864 Quibus
1061 1825 1138 1864 per
1187 1811 1398 1863 conplures
1442 1811 1529 1852 dies

167 1870 346 1911 studiose
378 1870 534 1911 auditis
566 1871 754 1923 deinceps
784 1871 844 1912 ad
862 1871 1182 1924 Hephaestionis
1213 1871 1406 1923 exequias
1436 1870 1528 1910 ani-

168 1943 282 1970 -mum
327 1929 512 1970 advertit.
581 1929 693 1981 Quae
736 1943 895 1971 summo
939 1932 1123 1972 onmium
1161 1931 1294 1972 studio
1338 1930 1395 1970 ita
1433 1929 1529 1970 cele-

168 1989 310 2029 bratae
347 1992 459 2040 sunt,
500 1992 542 2029 ut
578 1989 734 2029 nullius
771 1991 829 2030 ad
863 1991 906 2030 id
936 1994 1092 2042 tempus
1122 1991 1228 2041 reqis
1259 1988 1410 2031 feralia
1443 2002 1528 2029 ma-

165 2048 385 2100 qnitudine
404 2051 640 2100 sumptuum
661 2053 967 2101 apparatusque
992 2050 1215 2090 celebritate
1242 2062 1321 2089 non
1349 2048 1526 2089 vicerint.

171 2106 272 2147 Post
308 2106 406 2147 haec
443 2109 590 2159 cupido
631 2108 792 2149 incessit
828 2110 914 2160 reqi
945 2123 1023 2160 per
1057 2108 1326 2159 Pallacopam
1365 2121 1527 2148 amnem

170 2167 227 2207 ad
257 2166 447 2207 Arabum
484 2168 662 2218 confinia
704 2168 954 2219 naviqandi:
993 2182 1069 2220 quo
1111 2167 1269 2208 delatus
1308 2166 1402 2207 urbi
1439 2180 1527 2208 con·

169 2225 326 2265 dentiae
357 2227 567 2267 commoda
597 2227 687 2267 sede
719 2231 877 2278 reperta
901 2226 1149 2268 Graecorum
1185 2230 1314 2267 aetate
1344 2229 1419 2266 aut
1444 2225 1527 2266 vul-

170 2285 335 2325 neribus
365 2285 572 2327 invalidos
603 2289 654 2338 et,
689 2287 727 2327 si
757 2287 829 2339 qui
859 2299 934 2327 sua
967 2290 1106 2339 sponte
1138 2289 1438 2338 remanserant,
1469 2284 1528 2324 ibi

169 2344 357 2385 conlocat.
408 2344 564 2396 Quibus
589 2359 636 2386 ecc
660 2346 859 2386 sententia
879 2346 1071 2399 perfectis
1095 2346 1176 2386 iam
1203 2345 1338 2397 futuri
1362 2357 1528 2386 securus
