1610 2522
174 50 223 91 18
672 55 711 92 Q.
740 51 882 86 UUlt'l'l
910 51 1019 86 ltUFl

101 173 140 201 12
170 160 431 226 lt·1‹1u‹.·:Si
459 160 514 201 di’
520 161 708 214 ,inquit,
737 160 961 215 ‘Philippe,
994 161 1072 202 tibi
1100 162 1404 216 permisissent,
1431 177 1515 218 quo

171 221 351 261 maxime
380 221 504 261 modo
534 221 674 272 xelles,
701 220 887 261 animum
918 221 1097 275 experiri
1127 236 1279 274 meum,
1311 222 1394 263 alio
1422 237 1515 277 pro-

169 280 278 320 tecto
306 280 526 331 voluisses
559 280 630 320 sed
658 281 850 332 00111010,
882 294 1008 333 quam
1038 284 1239 335 expertus
1272 297 1326 336 es,
1361 297 1410 322 110
1444 297 1511 337 op-

100 352 138 381 13
167 343 299 380 tusses
315 340 503 392 quidem:
527 339 603 380 hac
624 339 806 393 epistula
824 343 996 393 accepta
1017 343 1170 393 tamen,
1191 341 1302 394 quod
1317 316 1514 396 111111οτ113,

168 399 267 439 bibi.
331 398 387 439 Et
413 413 524 439 nunc
553 399 673 440 crede
700 414 764 440 me
792 414 876 440 non
904 400 1043 441 minus
1077 415 1152 454 pro
1179 404 1252 441 tua
1278 400 1358 442 fide
1386 415 1512 455 quam
1552 418 1567 443 5

167 473 242 512 pro
270 473 363 498 mea
389 459 524 499 salute
551 473 639 499 esse
667 458 925 500 sollicitum'.
970 458 1085 500 Haec
1105 460 1297 501 elocutus
1324 460 1513 502 dextram

99 531 137 559 14
171 517 367 571 Philippo
408 520 540 559 offert.
606 518 802 559 Ceterum
836 522 953 559 tanta
996 520 1057 560 vis
1092 519 1385 561 medicamenti
1420 520 1514 574 fuit,
1538 524 1584 559 16

167 581 225 629 ut,
259 592 366 631 quae
393 581 537 618 secuta
570 580 680 631 sunt,
713 578 1049 619 criminationem
1079 578 1373 620 Parmenionis
1399 579 1515 620 adiu-

169 638 320 678 verint:
349 637 603 679 interclusus
631 637 806 691 spiritus
832 641 922 679 arte
942 637 1119 679 meabat.
1177 637 1267 680 Nec
1287 638 1513 694 Philippus

166 698 393 750 quicquam
421 698 687 751 inexpertum
722 697 883 738 omisit:
917 697 988 738 ille
1020 698 1210 739 fomenta
1241 700 1412 752 corpori
1445 699 1513 740 ad·
1534 719 1567 743 ιο

165 756 318 809 movit,
370 756 441 798 ille
485 760 723 811 torpentem
770 772 881 798 nunc
927 756 1040 810 cibo,
1095 771 1206 798 nunc
1250 758 1337 799 vini
1383 758 1512 800 odore

96 831 137 860 15
165 816 378 857 excitavit.
447 816 589 870 Atque
634 819 680 856 ut
719 817 905 870 primum
944 817 1097 858 mentis
1138 821 1377 872 compotem
1423 832 1513 860 esse

166 876 309 929 sensit,
342 876 468 917 modo
496 876 644 917 matris
673 891 962 930 sororumque,
990 877 1115 918 modo
1142 880 1284 918 tantae
1312 877 1512 919 victoriae

97 950 137 979 lt}
165 935 547 990 adpropinquantis
573 936 799 977 admonere
824 950 911 977 non
937 937 1110 977 destitit.
1175 936 1234 978 Ut
1260 951 1358 978 vero
1385 936 1511 978 medi-

165 998 405 1036 camentum
438 1009 481 1036 se
514 995 683 1036 diffudit
715 996 758 1036 in
792 1010 917 1037 venas
957 998 998 1036 et
1030 996 1183 1037 sensim
1218 999 1308 1037 toto
1337 1010 1512 1051 corpore
1534 1016 1564 1040 15

165 1054 392 1096 salubritas
413 1054 574 1109 percipi
595 1055 748 1109 potuit,
775 1055 959 1109 primum
980 1055 1145 1097 animus
1167 1056 1356 1111 vigorem
1376 1070 1512 1110 suum,

165 1115 315 1156 deinde
337 1129 489 1168 corpus
511 1129 680 1168 quoque
696 1115 989 1169 expectatione
1009 1116 1217 1156 maturius
1231 1116 1510 1170 recuperavit:

165 1175 320 1240 quippe
353 1177 452 1228 post
484 1175 656 1215 teitium
692 1174 821 1228 diem,
860 1189 985 1228 quain
1025 1176 1069 1215 in
1101 1174 1183 1216 hoc
1216 1178 1328 1216 statu
1360 1175 1511 1230 fuerat,

96 1249 134 1278 17
165 1234 208 1274 in
229 1237 502 1288 conspectum
525 1234 709 1275 militum
732 1235 858 1276 venit.
910 1233 1000 1275 Nec
1021 1234 1217 1275 avidius
1208 1249 1346 1289 ipsum
1368 1248 1509 1301 regem

165 1308 290 1347 quam
325 1293 575 1360 Philippum
610 1294 855 1336 intuebatur
886 1295 1112 1335 exercitus:
1146 1309 1222 1348 pio
1256 1309 1299 1335 se
1331 1295 1511 1348 quisque
1531 1316 1564 1340 20

164 1353 357 1395 dextram
389 1354 479 1394 eius
512 1354 696 1408 amplexi
730 1357 870 1409 grates
903 1353 1116 1395 habebant
1149 1353 1266 1395 velut
1297 1355 1510 1408 praesenti

164 1414 252 1454 deo.
317 1412 512 1467 Namque
539 1413 652 1454 haud
677 1413 800 1455 facile
827 1413 943 1455 dictu
976 1417 1050 1467 est,
1083 1417 1250 1467 praeter
1276 1413 1509 1469 ingenitam

163 1473 225 1514 illi
253 1474 369 1527 genti
406 1487 505 1529 erga
531 1488 651 1528 reges
682 1487 780 1514 suos
807 1473 1122 1514 venerationem
1151 1476 1357 1528 quantum
1384 1473 1509 1514 huius

165 1533 310 1586 utique
343 1534 456 1588 regis
490 1532 554 1574 vel
582 1533 861 1574 admiratione
895 1533 1024 1574 dediti
1059 1534 1095 1574 ei
1122 1533 1281 1574 fuerint
1314 1532 1379 1575 vel
1407 1533 1509 1574 cari-

97 1608 135 1635 13
164 1595 249 1633 tate
282 1592 565 1647 flagraverint.
628 1591 716 1633 lam
757 1593 941 1647 primum
980 1592 1089 1633 nihil
1127 1593 1216 1634 sine
1250 1592 1393 1634 divina
1430 1606 1509 1646 ope
1530 1613 1563 1638 25

162 1652 334 1706 adgredi
370 1652 608 1693 videbatur:
641 1666 738 1693 nam
773 1666 865 1694 cum
892 1655 1061 1707 praesto
1096 1656 1205 1694 esset
1238 1652 1396 1706 ubique
1429 1652 1510 1693 for-

95 1726 134 1757 19
163 1715 277 1765 tuna,
298 1716 339 1752 et
358 1712 575 1753 temeritas
597 1712 639 1752 in
660 1712 841 1767 gloriam
862 1715 1053 1753 cesserat.
1099 1712 1228 1752 Aetas
1250 1726 1418 1765 quoque
1439 1712 1507 1751 vix

164 1773 293 1812 tantis
327 1774 493 1812 matura
525 1771 664 1824 rebus,
697 1771 769 1812 sed
802 1771 968 1812 abunde
996 1771 1212 1812 sufficiens
1245 1772 1388 1812 omnia
1419 1770 1508 1812 eius

163 1846 289 1907 oper-1
322 1831 589 1907 honestabat.
652 1830 709 1871 Et
742 1845 849 1885 quae
883 1831 1040 1872 leviora
1074 1830 1221 1872 haberi
1253 1831 1392 1871 solent
1423 1828 1507 1884 ple-

258 1942 276 1959 ‘’
304 1937 461 1971 maxime
489 1937 597 1970 modo
623 1940 663 1969 P:
698 1936 806 1970 modo
834 1936 991 1970 maxime
1019 1939 1050 1969 C.
1174 1936 1339 1979 profecto
1366 1938 1398 1968 1:
1426 1946 1508 1979 pro-

164 1986 298 2019 fectum
321 1988 358 2018 A.
436 1989 454 2018 6
483 1984 649 2019 elocutus
675 1987 716 2016 P:
743 1983 887 2017 locutus
916 1988 947 2016 c.
1026 1988 1064 2017 11
1094 1983 1176 2017 cibo
1201 1984 1346 2027 scripsi:
1375 1982 1447 2016 cibi
1469 1985 1508 2016 A.

165 2038 205 2066 14
234 2033 561 2078 medicamentum]
589 2035 857 2065 mecamentum
885 2035 910 2064 P
938 2044 979 2065 m.
997 2043 1053 2075 pr.
1157 2035 1196 2064 16
1224 2030 1381 2075 percipit}
1409 2030 1507 2074 perci

161 2085 185 2113 P
213 2093 255 2114 m.
272 2093 329 2124 pr.
413 2081 591 2125 vigorem]
619 2079 793 2114 victorem
820 2083 855 2116 P.
885 2084 921 2112 u!
951 2080 1099 2121 ridetur,
1128 2091 1168 2112 m.
1186 2091 1243 2122 pr.
1320 2082 1362 2111 22
1390 2079 1508 2123 dictu]

162 2128 300 2162 dictum
329 2132 433 2162 LPV.
546 2132 589 2161 ⁴24
616 2127 878 2172 admiratione]
905 2127 1143 2160 admirationi
1172 2130 1202 2158 C.
1315 2126 1432 2160 dediti
1459 2126 1508 2171 011

162 2176 300 2209 ‹leditei
328 2179 366 2208 V.
485 2180 527 2210 25
555 2176 650 2221 sine]
677 2187 763 2209 sane
790 2177 815 2207 B
844 2186 959 2219 m.p1·.
1075 2179 1116 2207 26
1144 2174 1304 2215 fortuna,
1331 2176 1367 2207 et
1394 2176 1508 2208 teme-

163 2225 251 2257 ritas
279 2225 424 2258 Nnc-alc:
463 2226 632 2257 fortunae
670 2223 859 2257 temeritas
891 2225 930 2255 Δ.
1078 2226 1118 2255 27
1156 2223 1281 2267 Aetas]
1315 2224 1436 2255 aestas
1468 2224 1508 2255 V.

161 2278 204 2304 ’.Ν
234 2272 392 2316 matura}
421 2275 551 2305 natura
578 2275 616 2304 V.
728 2270 890 2315 abunde]
918 2269 1090 2303 habunde
1117 2273 1150 2302 P.
1266 2274 1308 2303 29
1337 2269 1507 2303 honesta-

163 2320 239 2364 bat]
267 2319 436 2353 hostebat
465 2324 488 2352 P
517 2333 557 2353 m.
575 2333 632 2363 pr.
