1610 2522
74 760 108 784 10

75 1056 107 1080 15

378 95 711 130 HISToRIARUM
740 94 1019 129 ALEXANDRI
1047 95 1122 138 llll,
1153 100 1179 128 1.
1204 100 1234 128 ²2.
1422 95 1478 134 45')

129 221 230 261 pore
258 205 402 247 classis
431 204 709 246 Macedonum
737 219 786 246 ex
812 202 986 245 Graecia
1013 205 1146 245 accita
1171 204 1477 257 Aristomenen,

129 266 200 320 qui
241 266 289 306 ad
331 264 599 319 Hellesponti
640 279 755 306 oram
794 263 1109 318 reciperandam
1149 279 1171 304 a
1211 263 1349 304 Dareo
1389 266 1478 305 erat

129 325 300 378 missus,
344 324 479 378 captis
522 324 611 365 eius
654 327 726 365 aut
768 324 923 364 eversis
965 323 1143 364 navibus
1186 326 1368 377 superat.
1441 322 1479 363 A
1507 334 1550 364 37

129 384 307 426 Milesiis
335 384 484 424 deinde
506 383 817 438 Pharnabazus,
844 384 1083 437 praefectus
1104 382 1298 424 Persicae
1321 382 1479 437 classis,

129 444 305 498 pecunia
332 446 478 484 exacta
505 446 545 483 et
571 443 781 498 praesidio
808 443 851 483 in
878 442 1025 483 urbem
1055 440 1208 483 Chium
1235 442 1479 483 introducto

129 507 296 544 centum
326 503 504 544 navibus
532 502 725 544 Andrum
759 504 800 543 et
827 501 924 543 inde
952 501 1162 556 Siphnum
1190 502 1325 556 petiit.
1389 501 1479 543 Has

130 577 298 617 quoque
331 563 492 604 insulas
525 562 747 616 praesidiis
781 564 972 616 occupat,
1005 562 1185 616 pecunia
1219 563 1383 602 multat.

217 622 469 677 Magnitudo
512 621 630 675 belli,
671 621 784 675 quod
823 622 874 662 ab
909 621 1246 675 opulentissimis
1281 621 1480 676 Europae
1508 632 1551 661 3⁸

128 681 339 736 Asiaeque
367 682 538 736 regibus
573 682 615 721 in
649 696 765 735 spem
794 681 926 722 totius
955 680 1069 721 orbis
1098 681 1333 735 occupandi
1366 695 1478 735 gere-

130 741 270 795 batur,
311 740 511 782 Graeciae
551 755 718 795 quoque
758 743 799 781 et
838 738 988 781 Cretae
1027 755 1143 782 arma
1182 743 1480 782 commoverat.

128 800 248 856 Agis,
280 800 714 842 Lacedaemoniorum
748 814 833 852 rex,
873 802 969 842 octo
1003 799 1177 841 milibus
1212 799 1481 853 Graecorum,
1510 809 1551 839 39

129 861 201 914 qui
245 875 295 900 ex
340 859 486 901 Cilicia
528 860 700 914 profugi
743 859 890 901 domos
933 860 1207 914 repetierant,
1251 861 1481 900 contractis

128 919 288 960 bellum
332 919 580 974 Antipatro,
625 918 897 960 Macedoniae
940 919 1172 973 praefecto,
1214 919 1480 960 moliebatur.

130 981 349 1020 cretenses
376 979 452 1020 has
480 982 552 1020 aut
579 978 673 1019 illas
694 982 838 1033 partes
866 979 998 1020 secuti
1024 993 1137 1020 nunc
1161 977 1481 1033 Spartanorum,
1508 991 1551 1019 40

128 1053 240 1080 nunc
261 1038 540 1079 Macedonum
570 1038 792 1092 praesidiis
816 1038 1146 1092 occupabantur.
1212 1037 1293 1079 Sed
1321 1039 1481 1080 leviora

128 1098 239 1139 inter
281 1097 377 1139 illos
419 1098 536 1139 fuere
578 1098 823 1139 discrimina
865 1113 996 1139 unum
1042 1101 1267 1151 certamen,
1306 1113 1356 1139 ex
1397 1113 1480 1152 quo

128 1160 265 1199 cetera
298 1158 552 1211 pendebant,
585 1157 778 1198 intuente
809 1157 991 1198 fortuna.

217 1216 304 1258 Iam
332 1220 423 1258 tota
451 1216 584 1271 Syria,
618 1217 699 1257 iam
728 1216 940 1258 Phoenice
968 1232 1137 1271 quoque
1165 1220 1340 1270 excepta
1367 1216 1478 1271 Tyro
1500 1220 1532 1254 ΙΙ

128 1276 405 1318 Macedonum
444 1279 545 1330 erat,
578 1276 848 1330 habebatque
881 1291 954 1317 rex
989 1279 1125 1317 castra
1158 1277 1199 1317 in
1233 1277 1482 1327 continenti,

75 1354 89 1378 ε
128 1351 152 1376 a
196 1351 278 1390 qua
323 1337 470 1377 urbem
516 1338 746 1391 angustum
792 1336 946 1377 fretum
993 1336 1168 1377 dirimit.
1243 1335 1396 1391 Tyros,
1440 1340 1481 1377 et
1509 1348 1527 1377 2

129 1396 421 1451 magnitudine
479 1399 520 1436 et
570 1395 763 1436 claritate
814 1398 911 1436 ante
963 1409 1107 1437 omnes
1158 1395 1283 1438 urbes
1336 1396 1481 1450 Syriae

128 1454 446 1508 Phoenicesque
468 1455 770 1508 memorabilis,
791 1455 959 1496 facilius
981 1457 1227 1496 societatem
1248 1454 1481 1496 Alexandri

128 1517 353 1568 acceptura
387 1514 609 1555 videbatur
643 1529 769 1568 quam
803 1515 1041 1568 imperium.
1107 1513 1317 1556 Coronam
1350 1515 1483 1569 igitur

129 1589 296 1615 auream
337 1574 495 1614 donum
538 1574 667 1628 legati
700 1573 946 1615 adferebant
980 1577 1327 1628 commeatusque
1365 1575 1482 1630 large

75 1651 106 1674 25.
129 1636 170 1673 et
197 1632 469 1687 hospitaliter
502 1648 551 1673 ex
580 1633 737 1687 oppido
766 1633 1032 1674 advexerant.
1096 1632 1172 1674 Ille
1207 1633 1317 1674 dona
1350 1638 1396 1674 ut
1429 1635 1481 1675 ab

129 1693 277 1733 amicis
312 1692 445 1746 accipi
481 1692 605 1733 iussit
637 1693 903 1747 benigneque
936 1692 1100 1747 legatos
1127 1693 1352 1735 adlocutus
1379 1693 1484 1734 Her-

129 1751 231 1805 culi,
271 1766 396 1805 quem
439 1753 663 1806 praecipue
702 1751 820 1806 Tyrii
861 1753 1066 1806 colerent,
1105 1752 1342 1794 sacrificare
1375 1752 1481 1794 velle

129 1826 172 1851 se
206 1811 330 1852 dixit:
370 1810 648 1852 Macedonum
681 1826 801 1866 reges
835 1812 1001 1853 credere
1041 1812 1092 1853 ab
1131 1811 1205 1853 illo
1246 1813 1323 1853 deo
1364 1813 1481 1866 ipsos
1509 1825 1528 1854 3

129 1885 262 1925 genus
307 1871 468 1924 ducere,
511 1886 554 1912 se
598 1886 710 1924 vero,
752 1874 799 1911 ut
844 1871 885 1912 id
928 1872 1096 1925 faceret,
1139 1873 1264 1912 etiam
1311 1871 1480 1913 oraculo

224 2027 244 2056 4
271 2023 534 2057 Pharnabazus
568 2023 799 2057 Is'indelinus:
828 2024 1059 2058 barnabazus
1086 2027 1124 2058 A.
1234 2029 1253 2057 ἵ)
1282 2024 1413 2058 Chium
1440 2029 1481 2058 P:

128 2070 231 2104 hium
259 2075 291 2105 c.
391 2075 409 2104 6
437 2070 512 2104 Has
536 2071 705 2105 Medius:
733 2071 763 2104 is
790 2074 900 2114 BLP,
927 2072 984 2105 his
1011 2076 1036 2105 F
1065 2084 1106 2105 m.
1123 2084 1181 2116 pr.
1203 2076 1232 2105 V
1258 2072 1300 2116 [P
1320 2084 1363 2106 m.
1380 2074 1482 2117 ΡΜ]

130 2122 149 2150 8
177 2118 487 2163 opulentissimis]
528 2118 816 2162 opolentissimis
853 2123 887 2153 P.
1037 2124 1076 2153 11
1118 2120 1208 2163 Agis
1249 2120 1480 2154 Vimlelinns:

130 2166 236 2210 bagis
252 2169 290 2199 A.
356 2170 398 2199 14
414 2165 678 2209 Spartanorum
700 2167 932 2201 Vindelinus:
954 2167 1191 2210 parianorum
1207 2171 1245 2200 A.
1310 2170 1350 2200 18
1366 2167 1482 2200 Phoe-

130 2213 227 2258 nice]
248 2213 453 2257 phoenicae
473 2216 582 2254 FLV,
603 2213 784 2257 phenicae
800 2217 835 2248 B.
913 2218 956 2247 20
977 2224 1050 2257 qua
1065 2215 1261 2249 Heinsius:
1284 2226 1356 2258 quo
1371 2218 1410 2248 A.

130 2260 261 2305 Tyros}
282 2260 372 2294 tiros
386 2264 412 2293 F
429 2272 538 2304 nupt:
555 2264 595 2301 V,
610 2261 700 2294 tius
715 2265 750 2295 L.
816 2265 858 2295 21
879 2261 1023 2307 Syriae]
1043 2261 1152 2295 siriae
1167 2266 1201 2295 P.
1267 2266 1309 2295 :22
1325 2261 1481 2296 Phoeni-

130 2318 262 2352 cesque
283 2308 505 2343 Frobemns:
529 2307 792 2351 phoenicisque
815 2313 847 2351 c,
870 2308 1136 2353 phaenicisque
1158 2313 1192 2343 P.
1270 2313 1312 2342 ‘25
1340 2310 1439 2353 ipsos
1462 2314 1483 2341 c

129 2354 209 2399 ipso
236 2359 271 2388 P.
