<?xml version="1.0" encoding="UTF-8"?>
<!DOCTYPE html PUBLIC "-//W3C//DTD XHTML 1.0 Transitional//EN"
    "http://www.w3.org/TR/xhtml1/DTD/xhtml1-transitional.dtd">
<html xmlns="http://www.w3.org/1999/xhtml" xml:lang="en" lang="en">
 <head>
  <title>
</title>
<meta http-equiv="Content-Type" content="text/html;charset=utf-8" />
  <meta name='ocr-system' content='tesseract 3.04.00' />
  <meta name='ocr-capabilities' content='ocr_page ocr_carea ocr_par ocr_line ocrx_word'/>
</head>
<body>
  <div class='ocr_page' id='page_1' title='image "./historiaealexand00curtuoft_0098.png"; bbox 0 0 1610 2522; ppageno 0'>
   <div class='ocr_carea' id='block_1_1' title="bbox 74 227 90 257">
    <p class='ocr_par' dir='ltr' id='par_1_1' title="bbox 74 227 90 257">
     <span class='ocr_line' id='line_1_1' title="bbox 74 227 90 235; baseline 0 0"><span class='ocrx_word' id='word_1_1' title='bbox 74 227 90 235; x_wconf 64' lang='lat'>.-</span> 
     </span>
     <span class='ocr_line' id='line_1_2' title="bbox 78 241 85 257; baseline 0 0"><span class='ocrx_word' id='word_1_2' title='bbox 78 241 85 257; x_wconf 73' lang='lat' dir='ltr'>l</span> 
     </span>
    </p>
   </div>
   <div class='ocr_carea' id='block_1_2' title="bbox 73 588 92 615">
    <p class='ocr_par' dir='ltr' id='par_1_2' title="bbox 73 588 92 615">
     <span class='ocr_line' id='line_1_3' title="bbox 73 588 92 615; baseline 0 -4"><span class='ocrx_word' id='word_1_3' title='bbox 73 588 92 615; x_wconf 64' lang='grc' dir='ltr'>ξ)</span> 
     </span>
    </p>
   </div>
   <div class='ocr_carea' id='block_1_3' title="bbox 52 825 94 855">
    <p class='ocr_par' dir='ltr' id='par_1_3' title="bbox 52 825 94 855">
     <span class='ocr_line' id='line_1_4' title="bbox 52 825 94 855; baseline 0.024 -1"><span class='ocrx_word' id='word_1_4' title='bbox 52 825 94 855; x_wconf 86' lang='grc'>10</span> 
     </span>
    </p>
   </div>
   <div class='ocr_carea' id='block_1_4' title="bbox 53 1065 90 1093">
    <p class='ocr_par' dir='ltr' id='par_1_4' title="bbox 53 1065 90 1093">
     <span class='ocr_line' id='line_1_5' title="bbox 53 1065 90 1093; baseline 0 0"><span class='ocrx_word' id='word_1_5' title='bbox 53 1065 90 1093; x_wconf 93' lang='lat' dir='ltr'>ll</span> 
     </span>
    </p>
   </div>
   <div class='ocr_carea' id='block_1_5' title="bbox 55 1541 96 1571">
    <p class='ocr_par' dir='ltr' id='par_1_5' title="bbox 55 1541 96 1571">
     <span class='ocr_line' id='line_1_6' title="bbox 55 1541 96 1571; baseline 0.024 -1"><span class='ocrx_word' id='word_1_6' title='bbox 55 1541 96 1571; x_wconf 89' lang='lat'>13</span> 
     </span>
    </p>
   </div>
   <div class='ocr_carea' id='block_1_6' title="bbox 57 1780 94 1810">
    <p class='ocr_par' dir='ltr' id='par_1_6' title="bbox 57 1780 94 1810">
     <span class='ocr_line' id='line_1_7' title="bbox 57 1780 94 1810; baseline -0.027 0"><span class='ocrx_word' id='word_1_7' title='bbox 57 1780 94 1810; x_wconf 77' lang='lat'>14</span> 
     </span>
    </p>
   </div>
   <div class='ocr_carea' id='block_1_7' title="bbox 119 102 976 146">
    <p class='ocr_par' dir='ltr' id='par_1_7' title="bbox 119 102 976 146">
     <span class='ocr_line' id='line_1_8' title="bbox 119 102 976 146; baseline -0.004 -7"><span class='ocrx_word' id='word_1_8' title='bbox 119 106 173 146; x_wconf 73' lang='grc'>84</span> <span class='ocrx_word' id='word_1_9' title='bbox 626 106 664 146; x_wconf 78' lang='lat' dir='ltr'>Q.</span> <span class='ocrx_word' id='word_1_10' title='bbox 693 103 835 137; x_wconf 75' lang='lat' dir='ltr'>CUlt&#39;FI</span> <span class='ocrx_word' id='word_1_11' title='bbox 866 102 926 137; x_wconf 80' lang='lat' dir='ltr'>ltU</span> <span class='ocrx_word' id='word_1_12' title='bbox 935 102 976 136; x_wconf 67' lang='lat'>1⁴⁸1</span> 
     </span>
    </p>
   </div>
   <div class='ocr_carea' id='block_1_8' title="bbox 120 211 1553 1818">
    <p class='ocr_par' dir='ltr' id='par_1_8' title="bbox 120 211 1553 1818">
     <span class='ocr_line' id='line_1_9' title="bbox 120 211 1473 269; baseline -0.002 -14"><span class='ocrx_word' id='word_1_13' title='bbox 120 215 382 269; x_wconf 83' lang='lat' dir='ltr'>Massagetae</span> <span class='ocrx_word' id='word_1_14' title='bbox 428 213 593 254; x_wconf 84' lang='lat' dir='ltr'>duobus</span> <span class='ocrx_word' id='word_1_15' title='bbox 646 213 819 254; x_wconf 85' lang='lat' dir='ltr'>milibus</span> <span class='ocrx_word' id='word_1_16' title='bbox 871 227 1023 267; x_wconf 83' lang='lat' dir='ltr'>agmen</span> <span class='ocrx_word' id='word_1_17' title='bbox 1074 213 1163 253; x_wconf 80' lang='lat' dir='ltr'>eius</span> <span class='ocrx_word' id='word_1_18' title='bbox 1209 211 1473 254; x_wconf 75' lang='lat' dir='ltr'>claudebant.</span> 
     </span>
     <span class='ocr_line' id='line_1_10' title="bbox 123 271 1474 328; baseline -0.003 -13"><span class='ocrx_word' id='word_1_19' title='bbox 123 274 288 315; x_wconf 85' lang='lat' dir='ltr'>Pedites</span> <span class='ocrx_word' id='word_1_20' title='bbox 330 273 394 314; x_wconf 87' lang='lat' dir='ltr'>his</span> <span class='ocrx_word' id='word_1_21' title='bbox 434 273 619 328; x_wconf 88' lang='lat' dir='ltr'>plurium</span> <span class='ocrx_word' id='word_1_22' title='bbox 661 273 851 328; x_wconf 89' lang='lat' dir='ltr'>gentium</span> <span class='ocrx_word' id='word_1_23' title='bbox 893 287 976 313; x_wconf 87' lang='lat' dir='ltr'>non</span> <span class='ocrx_word' id='word_1_24' title='bbox 1012 272 1227 318; x_wconf 78' lang='lat' dir='ltr'>inmixtos.</span> <span class='ocrx_word' id='word_1_25' title='bbox 1269 271 1340 311; x_wconf 81' lang='lat' dir='ltr'>sed</span> <span class='ocrx_word' id='word_1_26' title='bbox 1375 285 1474 312; x_wconf 86' lang='lat' dir='ltr'>suae</span> 
     </span>
     <span class='ocr_line' id='line_1_11' title="bbox 120 331 1471 388; baseline -0.003 -13"><span class='ocrx_word' id='word_1_27' title='bbox 120 335 324 388; x_wconf 84' lang='lat' dir='ltr'>cuiusque</span> <span class='ocrx_word' id='word_1_28' title='bbox 351 333 536 373; x_wconf 84' lang='lat' dir='ltr'>nationis</span> <span class='ocrx_word' id='word_1_29' title='bbox 573 333 763 373; x_wconf 77' lang='lat' dir='ltr'>iunxerat</span> <span class='ocrx_word' id='word_1_30' title='bbox 798 332 951 386; x_wconf 83' lang='lat' dir='ltr'>copias.</span> <span class='ocrx_word' id='word_1_31' title='bbox 1016 331 1165 372; x_wconf 79' lang='lat' dir='ltr'>Persas</span> <span class='ocrx_word' id='word_1_32' title='bbox 1192 331 1342 372; x_wconf 88' lang='lat' dir='ltr'>deinde</span> <span class='ocrx_word' id='word_1_33' title='bbox 1376 345 1471 371; x_wconf 89' lang='lat' dir='ltr'>cum</span> 
     </span>
     <span class='ocr_line' id='line_1_12' title="bbox 120 390 1473 447; baseline -0.003 -13"><span class='ocrx_word' id='word_1_34' title='bbox 120 394 279 434; x_wconf 84' lang='lat' dir='ltr'>Mardis</span> <span class='ocrx_word' id='word_1_35' title='bbox 302 392 614 447; x_wconf 75' lang='lat' dir='ltr'>Sogdianisque</span> <span class='ocrx_word' id='word_1_36' title='bbox 636 391 946 433; x_wconf 79' lang='lat' dir='ltr'>Ariobarzanes</span> <span class='ocrx_word' id='word_1_37' title='bbox 974 394 1015 432; x_wconf 89' lang='lat' dir='ltr'>et</span> <span class='ocrx_word' id='word_1_38' title='bbox 1036 390 1322 432; x_wconf 71' lang='lat' dir='ltr'>Orontobates</span> <span class='ocrx_word' id='word_1_39' title='bbox 1350 390 1473 432; x_wconf 86' lang='lat' dir='ltr'>duce—</span> 
     </span>
     <span class='ocr_line' id='line_1_13' title="bbox 121 450 1530 506; baseline -0.001 -13"><span class='ocrx_word' id='word_1_40' title='bbox 121 454 235 493; x_wconf 84' lang='lat' dir='ltr'>bant.</span> <span class='ocrx_word' id='word_1_41' title='bbox 293 451 359 493; x_wconf 94' lang='lat' dir='ltr'>Illi</span> <span class='ocrx_word' id='word_1_42' title='bbox 387 452 580 506; x_wconf 85' lang='lat' dir='ltr'>partibus</span> <span class='ocrx_word' id='word_1_43' title='bbox 608 451 839 506; x_wconf 84' lang='lat' dir='ltr'>copiarum,</span> <span class='ocrx_word' id='word_1_44' title='bbox 866 465 1057 492; x_wconf 88' lang='lat' dir='ltr'>summae</span> <span class='ocrx_word' id='word_1_45' title='bbox 1078 450 1250 491; x_wconf 80' lang='lat' dir='ltr'>Orsines</span> <span class='ocrx_word' id='word_1_46' title='bbox 1271 453 1478 504; x_wconf 78' lang='lat' dir='ltr'>praeerat,</span> <span class='ocrx_word' id='word_1_47' title='bbox 1516 467 1530 491; x_wconf 72' lang='lat'>⁵</span> 
     </span>
     <span class='ocr_line' id='line_1_14' title="bbox 121 507 1477 566; baseline -0.004 -12"><span class='ocrx_word' id='word_1_48' title='bbox 121 530 142 554; x_wconf 81' lang='lat' dir='ltr'>a</span> <span class='ocrx_word' id='word_1_49' title='bbox 176 516 336 566; x_wconf 87' lang='lat' dir='ltr'>septem</span> <span class='ocrx_word' id='word_1_50' title='bbox 364 511 505 552; x_wconf 84' lang='lat' dir='ltr'>Persis</span> <span class='ocrx_word' id='word_1_51' title='bbox 533 511 750 564; x_wconf 83' lang='lat' dir='ltr'>oriundus,</span> <span class='ocrx_word' id='word_1_52' title='bbox 783 511 833 551; x_wconf 86' lang='lat' dir='ltr'>ad</span> <span class='ocrx_word' id='word_1_53' title='bbox 862 510 1016 564; x_wconf 74' lang='lat' dir='ltr'>Cyrum</span> <span class='ocrx_word' id='word_1_54' title='bbox 1052 524 1234 563; x_wconf 83' lang='lat' dir='ltr'>quoque,</span> <span class='ocrx_word' id='word_1_55' title='bbox 1268 507 1477 550; x_wconf 85' lang='lat' dir='ltr'>nobilissi-</span> 
     </span>
     <span class='ocr_line' id='line_1_15' title="bbox 125 568 1478 625; baseline -0.004 -12"><span class='ocrx_word' id='word_1_56' title='bbox 125 587 235 613; x_wconf 85' lang='lat' dir='ltr'>mum</span> <span class='ocrx_word' id='word_1_57' title='bbox 270 586 425 625; x_wconf 78' lang='lat' dir='ltr'>regem,</span> <span class='ocrx_word' id='word_1_58' title='bbox 465 572 673 625; x_wconf 80' lang='lat' dir='ltr'>originem</span> <span class='ocrx_word' id='word_1_59' title='bbox 708 570 771 611; x_wconf 73' lang='lat' dir='ltr'>sui</span> <span class='ocrx_word' id='word_1_60' title='bbox 807 572 1002 612; x_wconf 86' lang='lat' dir='ltr'>referens.</span> <span class='ocrx_word' id='word_1_61' title='bbox 1067 569 1157 610; x_wconf 88' lang='lat' dir='ltr'>Hos</span> <span class='ocrx_word' id='word_1_62' title='bbox 1191 568 1296 609; x_wconf 84' lang='lat' dir='ltr'>aliae</span> <span class='ocrx_word' id='word_1_63' title='bbox 1330 571 1478 623; x_wconf 74' lang='lat' dir='ltr'>gentes</span> 
     </span>
     <span class='ocr_line' id='line_1_16' title="bbox 122 628 1477 684; baseline -0.004 -12"><span class='ocrx_word' id='word_1_64' title='bbox 122 648 172 672; x_wconf 86' lang='lat' dir='ltr'>ne</span> <span class='ocrx_word' id='word_1_65' title='bbox 205 632 332 672; x_wconf 83' lang='lat' dir='ltr'>sociis</span> <span class='ocrx_word' id='word_1_66' title='bbox 365 631 536 684; x_wconf 87' lang='lat' dir='ltr'>quidem</span> <span class='ocrx_word' id='word_1_67' title='bbox 578 631 681 671; x_wconf 73' lang='lat' dir='ltr'>satis</span> <span class='ocrx_word' id='word_1_68' title='bbox 716 634 840 671; x_wconf 88' lang='lat' dir='ltr'>notae</span> <span class='ocrx_word' id='word_1_69' title='bbox 874 630 1174 683; x_wconf 75' lang='lat' dir='ltr'>sequebantur.</span> <span class='ocrx_word' id='word_1_70' title='bbox 1238 628 1341 669; x_wconf 79' lang='lat' dir='ltr'>Post</span> <span class='ocrx_word' id='word_1_71' title='bbox 1374 642 1477 682; x_wconf 84' lang='lat' dir='ltr'>quas</span> 
     </span>
     <span class='ocr_line' id='line_1_17' title="bbox 122 688 1480 746; baseline -0.004 -14"><span class='ocrx_word' id='word_1_72' title='bbox 122 703 148 732; x_wconf 84' lang='lat' dir='ltr'>L</span> <span class='ocrx_word' id='word_1_73' title='bbox 177 691 404 746; x_wconf 80' lang='lat' dir='ltr'>quadrigas</span> <span class='ocrx_word' id='word_1_74' title='bbox 432 690 666 731; x_wconf 79' lang='lat' dir='ltr'>Phradates</span> <span class='ocrx_word' id='word_1_75' title='bbox 700 704 856 744; x_wconf 91' lang='lat' dir='ltr'>magno</span> <span class='ocrx_word' id='word_1_76' title='bbox 885 688 1134 743; x_wconf 88' lang='lat' dir='ltr'>Caspiorum</span> <span class='ocrx_word' id='word_1_77' title='bbox 1165 688 1333 744; x_wconf 83' lang='lat' dir='ltr'>agmine</span> <span class='ocrx_word' id='word_1_78' title='bbox 1366 690 1480 728; x_wconf 88' lang='lat' dir='ltr'>ante-</span> 
     </span>
     <span class='ocr_line' id='line_1_18' title="bbox 122 747 1533 804; baseline -0.002 -12"><span class='ocrx_word' id='word_1_79' title='bbox 122 751 308 792; x_wconf 82' lang='lat' dir='ltr'>cedebat.</span> <span class='ocrx_word' id='word_1_80' title='bbox 383 750 475 791; x_wconf 84' lang='lat' dir='ltr'>Indi</span> <span class='ocrx_word' id='word_1_81' title='bbox 510 750 723 804; x_wconf 85' lang='lat' dir='ltr'>ceterique</span> <span class='ocrx_word' id='word_1_82' title='bbox 756 748 891 790; x_wconf 81' lang='lat' dir='ltr'>Rubri</span> <span class='ocrx_word' id='word_1_83' title='bbox 926 748 1052 789; x_wconf 87' lang='lat' dir='ltr'>maris</span> <span class='ocrx_word' id='word_1_84' title='bbox 1086 748 1267 800; x_wconf 75' lang='lat' dir='ltr'>accolae,</span> <span class='ocrx_word' id='word_1_85' title='bbox 1306 747 1480 788; x_wconf 89' lang='lat' dir='ltr'>nomina</span> <span class='ocrx_word' id='word_1_86' title='bbox 1501 765 1533 789; x_wconf 89' lang='grc' dir='ltr'>ιο</span> 
     </span>
     <span class='ocr_line' id='line_1_19' title="bbox 122 806 1481 865; baseline -0.004 -13"><span class='ocrx_word' id='word_1_87' title='bbox 122 811 263 852; x_wconf 85' lang='lat' dir='ltr'>verius</span> <span class='ocrx_word' id='word_1_88' title='bbox 303 826 429 865; x_wconf 89' lang='lat' dir='ltr'>quam</span> <span class='ocrx_word' id='word_1_89' title='bbox 465 809 634 863; x_wconf 78' lang='lat' dir='ltr'>auxilia,</span> <span class='ocrx_word' id='word_1_90' title='bbox 673 812 772 864; x_wconf 89' lang='lat' dir='ltr'>post</span> <span class='ocrx_word' id='word_1_91' title='bbox 811 823 960 849; x_wconf 86' lang='lat' dir='ltr'>currus</span> <span class='ocrx_word' id='word_1_92' title='bbox 1000 811 1129 849; x_wconf 86' lang='lat' dir='ltr'>erant.</span> <span class='ocrx_word' id='word_1_93' title='bbox 1195 806 1481 848; x_wconf 67' lang='lat' dir='ltr'>Claudebatur</span> 
     </span>
     <span class='ocr_line' id='line_1_20' title="bbox 122 866 1478 925; baseline -0.004 -13"><span class='ocrx_word' id='word_1_94' title='bbox 122 871 200 912; x_wconf 85' lang='lat' dir='ltr'>hoc</span> <span class='ocrx_word' id='word_1_95' title='bbox 248 885 402 925; x_wconf 85' lang='lat' dir='ltr'>agmen</span> <span class='ocrx_word' id='word_1_96' title='bbox 447 869 542 910; x_wconf 86' lang='lat' dir='ltr'>aliis</span> <span class='ocrx_word' id='word_1_97' title='bbox 587 869 754 910; x_wconf 81' lang='lat' dir='ltr'>falcatis</span> <span class='ocrx_word' id='word_1_98' title='bbox 802 868 1014 920; x_wconf 88' lang='lat' dir='ltr'>curribus,</span> <span class='ocrx_word' id='word_1_99' title='bbox 1066 867 1161 921; x_wconf 89' lang='lat' dir='ltr'>quis</span> <span class='ocrx_word' id='word_1_100' title='bbox 1206 866 1478 920; x_wconf 72' lang='lat' dir='ltr'>peregrinum</span> 
     </span>
     <span class='ocr_line' id='line_1_21' title="bbox 123 927 1479 981; baseline -0.004 -10"><span class='ocrx_word' id='word_1_101' title='bbox 123 931 300 971; x_wconf 87' lang='lat' dir='ltr'>militem</span> <span class='ocrx_word' id='word_1_102' title='bbox 336 931 597 971; x_wconf 83' lang='lat' dir='ltr'>adiunxerat.</span> <span class='ocrx_word' id='word_1_103' title='bbox 661 928 785 969; x_wconf 88' lang='lat' dir='ltr'>Hunc</span> <span class='ocrx_word' id='word_1_104' title='bbox 813 927 1018 980; x_wconf 82' lang='lat' dir='ltr'>Armenii,</span> <span class='ocrx_word' id='word_1_105' title='bbox 1052 941 1158 981; x_wconf 88' lang='lat' dir='ltr'>quos</span> <span class='ocrx_word' id='word_1_106' title='bbox 1192 927 1377 967; x_wconf 89' lang='lat' dir='ltr'>minores</span> <span class='ocrx_word' id='word_1_107' title='bbox 1411 940 1479 979; x_wconf 90' lang='lat' dir='ltr'>ap-</span> 
     </span>
     <span class='ocr_line' id='line_1_22' title="bbox 123 985 1479 1045; baseline -0.004 -14"><span class='ocrx_word' id='word_1_108' title='bbox 123 991 296 1045; x_wconf 89' lang='lat' dir='ltr'>pellant,</span> <span class='ocrx_word' id='word_1_109' title='bbox 328 989 556 1030; x_wconf 62' lang='lat' dir='ltr'>Armenios</span> <span class='ocrx_word' id='word_1_110' title='bbox 590 987 836 1042; x_wconf 88' lang='lat' dir='ltr'>Babylonii,</span> <span class='ocrx_word' id='word_1_111' title='bbox 875 992 1079 1041; x_wconf 89' lang='lat' dir='ltr'>utrosque</span> <span class='ocrx_word' id='word_1_112' title='bbox 1113 986 1277 1027; x_wconf 85' lang='lat' dir='ltr'>Belitae</span> <span class='ocrx_word' id='word_1_113' title='bbox 1310 989 1368 1037; x_wconf 83' lang='lat' dir='ltr'>et,</span> <span class='ocrx_word' id='word_1_114' title='bbox 1407 985 1479 1039; x_wconf 86' lang='lat' dir='ltr'>qui</span> 
     </span>
     <span class='ocr_line' id='line_1_23' title="bbox 123 1044 1533 1100; baseline -0.002 -10"><span class='ocrx_word' id='word_1_115' title='bbox 123 1053 290 1091; x_wconf 84' lang='lat' dir='ltr'>montes</span> <span class='ocrx_word' id='word_1_116' title='bbox 319 1048 598 1090; x_wconf 81' lang='lat' dir='ltr'>Cossaeorum</span> <span class='ocrx_word' id='word_1_117' title='bbox 627 1047 883 1099; x_wconf 77' lang='lat' dir='ltr'>incolebant,</span> <span class='ocrx_word' id='word_1_118' title='bbox 912 1046 1209 1100; x_wconf 80' lang='lat' dir='ltr'>sequebantur.</span> <span class='ocrx_word' id='word_1_119' title='bbox 1272 1044 1375 1086; x_wconf 84' lang='lat' dir='ltr'>Post</span> <span class='ocrx_word' id='word_1_120' title='bbox 1401 1044 1479 1085; x_wconf 85' lang='lat' dir='ltr'>hos</span> <span class='ocrx_word' id='word_1_121' title='bbox 1502 1062 1533 1087; x_wconf 68' lang='grc' dir='ltr'>ιε,</span> 
     </span>
     <span class='ocr_line' id='line_1_24' title="bbox 124 1104 1479 1163; baseline -0.004 -13"><span class='ocrx_word' id='word_1_122' title='bbox 124 1109 243 1150; x_wconf 88' lang='lat' dir='ltr'>ibant</span> <span class='ocrx_word' id='word_1_123' title='bbox 277 1107 477 1161; x_wconf 85' lang='lat' dir='ltr'>Gortuae,</span> <span class='ocrx_word' id='word_1_124' title='bbox 517 1108 656 1163; x_wconf 86' lang='lat' dir='ltr'>gentis</span> <span class='ocrx_word' id='word_1_125' title='bbox 691 1107 860 1161; x_wconf 91' lang='lat' dir='ltr'>quidem</span> <span class='ocrx_word' id='word_1_126' title='bbox 895 1105 1129 1159; x_wconf 81' lang='lat' dir='ltr'>Euboicae,</span> <span class='ocrx_word' id='word_1_127' title='bbox 1167 1104 1314 1146; x_wconf 86' lang='lat' dir='ltr'>Medos</span> <span class='ocrx_word' id='word_1_128' title='bbox 1348 1118 1479 1158; x_wconf 88' lang='lat' dir='ltr'>quon-</span> 
     </span>
     <span class='ocr_line' id='line_1_25' title="bbox 123 1164 1479 1223; baseline -0.004 -13"><span class='ocrx_word' id='word_1_129' title='bbox 123 1169 217 1210; x_wconf 84' lang='lat' dir='ltr'>dam</span> <span class='ocrx_word' id='word_1_130' title='bbox 253 1169 406 1214; x_wconf 76' lang='lat' dir='ltr'>secuti,</span> <span class='ocrx_word' id='word_1_131' title='bbox 446 1168 517 1209; x_wconf 88' lang='lat' dir='ltr'>sed</span> <span class='ocrx_word' id='word_1_132' title='bbox 551 1168 633 1208; x_wconf 87' lang='lat' dir='ltr'>iam</span> <span class='ocrx_word' id='word_1_133' title='bbox 667 1167 894 1223; x_wconf 87' lang='lat' dir='ltr'>degeneres</span> <span class='ocrx_word' id='word_1_134' title='bbox 935 1169 976 1206; x_wconf 90' lang='lat' dir='ltr'>et</span> <span class='ocrx_word' id='word_1_135' title='bbox 1008 1166 1134 1220; x_wconf 89' lang='lat' dir='ltr'>patrii</span> <span class='ocrx_word' id='word_1_136' title='bbox 1168 1165 1298 1206; x_wconf 90' lang='lat' dir='ltr'>moris</span> <span class='ocrx_word' id='word_1_137' title='bbox 1332 1164 1479 1219; x_wconf 87' lang='lat' dir='ltr'>ignari.</span> 
     </span>
     <span class='ocr_line' id='line_1_26' title="bbox 124 1223 1478 1283; baseline -0.005 -13"><span class='ocrx_word' id='word_1_138' title='bbox 124 1229 404 1283; x_wconf 81' lang='lat' dir='ltr'>Adplicuerat</span> <span class='ocrx_word' id='word_1_139' title='bbox 444 1228 509 1268; x_wconf 87' lang='lat' dir='ltr'>his</span> <span class='ocrx_word' id='word_1_140' title='bbox 546 1227 737 1282; x_wconf 85' lang='lat' dir='ltr'>Phrygas</span> <span class='ocrx_word' id='word_1_141' title='bbox 778 1230 819 1267; x_wconf 91' lang='lat' dir='ltr'>et</span> <span class='ocrx_word' id='word_1_142' title='bbox 859 1225 1079 1267; x_wconf 79' lang='lat' dir='ltr'>Cataonas.</span> <span class='ocrx_word' id='word_1_143' title='bbox 1144 1223 1478 1277; x_wconf 65' lang='lat' dir='ltr'>Parthyaeorum</span> 
     </span>
     <span class='ocr_line' id='line_1_27' title="bbox 123 1282 1479 1342; baseline -0.005 -13"><span class='ocrx_word' id='word_1_144' title='bbox 123 1289 273 1329; x_wconf 84' lang='lat' dir='ltr'>deinde</span> <span class='ocrx_word' id='word_1_145' title='bbox 325 1302 428 1342; x_wconf 84' lang='lat' dir='ltr'>gens</span> <span class='ocrx_word' id='word_1_146' title='bbox 480 1286 758 1328; x_wconf 87' lang='lat' dir='ltr'>incolentium</span> <span class='ocrx_word' id='word_1_147' title='bbox 811 1289 962 1338; x_wconf 84' lang='lat' dir='ltr'>terras,</span> <span class='ocrx_word' id='word_1_148' title='bbox 1013 1300 1117 1338; x_wconf 86' lang='lat' dir='ltr'>quas</span> <span class='ocrx_word' id='word_1_149' title='bbox 1169 1298 1281 1325; x_wconf 85' lang='lat' dir='ltr'>nunc</span> <span class='ocrx_word' id='word_1_150' title='bbox 1332 1282 1479 1324; x_wconf 89' lang='lat' dir='ltr'>Parthi</span> 
     </span>
     <span class='ocr_line' id='line_1_28' title="bbox 125 1341 1535 1402; baseline -0.004 -13"><span class='ocrx_word' id='word_1_151' title='bbox 125 1347 302 1402; x_wconf 72' lang='lat' dir='ltr'>Scythia</span> <span class='ocrx_word' id='word_1_152' title='bbox 356 1347 536 1402; x_wconf 86' lang='lat' dir='ltr'>profecti</span> <span class='ocrx_word' id='word_1_153' title='bbox 589 1349 752 1398; x_wconf 88' lang='lat' dir='ltr'>tenent,</span> <span class='ocrx_word' id='word_1_154' title='bbox 810 1344 1061 1386; x_wconf 84' lang='lat' dir='ltr'>claudebant</span> <span class='ocrx_word' id='word_1_155' title='bbox 1121 1358 1282 1398; x_wconf 79' lang='lat' dir='ltr'>agmen.</span> <span class='ocrx_word' id='word_1_156' title='bbox 1366 1341 1481 1383; x_wconf 89' lang='lat' dir='ltr'>Haec</span> <span class='ocrx_word' id='word_1_157' title='bbox 1501 1360 1535 1384; x_wconf 77' lang='lat'>20</span> 
     </span>
     <span class='ocr_line' id='line_1_29' title="bbox 124 1402 1480 1449; baseline -0.005 0"><span class='ocrx_word' id='word_1_158' title='bbox 124 1409 286 1449; x_wconf 87' lang='lat' dir='ltr'>sinistri</span> <span class='ocrx_word' id='word_1_159' title='bbox 332 1421 484 1448; x_wconf 89' lang='lat' dir='ltr'>cornus</span> <span class='ocrx_word' id='word_1_160' title='bbox 529 1407 658 1447; x_wconf 87' lang='lat' dir='ltr'>facies</span> <span class='ocrx_word' id='word_1_161' title='bbox 700 1405 794 1446; x_wconf 86' lang='lat' dir='ltr'>fuit.</span> <span class='ocrx_word' id='word_1_162' title='bbox 870 1404 1076 1445; x_wconf 78' lang='lat' dir='ltr'>Dextrum</span> <span class='ocrx_word' id='word_1_163' title='bbox 1119 1403 1319 1444; x_wconf 88' lang='lat' dir='ltr'>tenebant</span> <span class='ocrx_word' id='word_1_164' title='bbox 1363 1402 1480 1443; x_wconf 89' lang='lat' dir='ltr'>natio</span> 
     </span>
     <span class='ocr_line' id='line_1_30' title="bbox 123 1461 1479 1519; baseline -0.006 -10"><span class='ocrx_word' id='word_1_165' title='bbox 123 1467 298 1508; x_wconf 88' lang='lat' dir='ltr'>Maioris</span> <span class='ocrx_word' id='word_1_166' title='bbox 342 1466 569 1508; x_wconf 84' lang='lat' dir='ltr'>Armeniae</span> <span class='ocrx_word' id='word_1_167' title='bbox 610 1465 867 1519; x_wconf 86' lang='lat' dir='ltr'>Cadusiique</span> <span class='ocrx_word' id='word_1_168' title='bbox 910 1468 952 1505; x_wconf 86' lang='lat' dir='ltr'>et</span> <span class='ocrx_word' id='word_1_169' title='bbox 986 1462 1258 1518; x_wconf 86' lang='lat' dir='ltr'>Cappadoces</span> <span class='ocrx_word' id='word_1_170' title='bbox 1301 1465 1342 1502; x_wconf 93' lang='lat' dir='ltr'>et</span> <span class='ocrx_word' id='word_1_171' title='bbox 1384 1461 1479 1516; x_wconf 75' lang='lat' dir='ltr'>Syri</span> 
     </span>
     <span class='ocr_line' id='line_1_31' title="bbox 125 1521 1481 1580; baseline -0.005 -12"><span class='ocrx_word' id='word_1_172' title='bbox 125 1542 172 1569; x_wconf 88' lang='lat' dir='ltr'>ac</span> <span class='ocrx_word' id='word_1_173' title='bbox 198 1527 326 1568; x_wconf 87' lang='lat' dir='ltr'>Medi.</span> <span class='ocrx_word' id='word_1_174' title='bbox 390 1525 469 1567; x_wconf 91' lang='lat' dir='ltr'>His</span> <span class='ocrx_word' id='word_1_175' title='bbox 499 1539 670 1580; x_wconf 90' lang='lat' dir='ltr'>quoque</span> <span class='ocrx_word' id='word_1_176' title='bbox 697 1525 839 1566; x_wconf 85' lang='lat' dir='ltr'>falcati</span> <span class='ocrx_word' id='word_1_177' title='bbox 869 1538 1016 1564; x_wconf 85' lang='lat' dir='ltr'>currus</span> <span class='ocrx_word' id='word_1_178' title='bbox 1052 1535 1076 1563; x_wconf 68' lang='lat'>1,</span> <span class='ocrx_word' id='word_1_179' title='bbox 1111 1525 1241 1563; x_wconf 86' lang='lat' dir='ltr'>erant.</span> <span class='ocrx_word' id='word_1_180' title='bbox 1306 1521 1481 1563; x_wconf 81' lang='lat' dir='ltr'>Summa</span> 
     </span>
     <span class='ocr_line' id='line_1_32' title="bbox 124 1581 1481 1640; baseline -0.007 -12"><span class='ocrx_word' id='word_1_181' title='bbox 124 1588 258 1628; x_wconf 89' lang='lat' dir='ltr'>totius</span> <span class='ocrx_word' id='word_1_182' title='bbox 292 1587 516 1640; x_wconf 79' lang='lat' dir='ltr'>exercitus,</span> <span class='ocrx_word' id='word_1_183' title='bbox 550 1585 712 1639; x_wconf 85' lang='lat' dir='ltr'>equites</span> <span class='ocrx_word' id='word_1_184' title='bbox 746 1596 837 1624; x_wconf 75' lang='lat' dir='ltr'>XLV</span> <span class='ocrx_word' id='word_1_185' title='bbox 872 1583 1002 1635; x_wconf 86' lang='lat' dir='ltr'>milia,</span> <span class='ocrx_word' id='word_1_186' title='bbox 1041 1582 1250 1637; x_wconf 82' lang='lat' dir='ltr'>pedestris</span> <span class='ocrx_word' id='word_1_187' title='bbox 1284 1581 1393 1622; x_wconf 86' lang='lat' dir='ltr'>acies</span> <span class='ocrx_word' id='word_1_188' title='bbox 1427 1591 1481 1621; x_wconf 73' lang='lat' dir='ltr'>cc</span> 
     </span>
     <span class='ocr_line' id='line_1_33' title="bbox 125 1641 1534 1700; baseline -0.004 -13"><span class='ocrx_word' id='word_1_189' title='bbox 125 1647 243 1688; x_wconf 83' lang='lat' dir='ltr'>milia</span> <span class='ocrx_word' id='word_1_190' title='bbox 276 1647 529 1700; x_wconf 78' lang='lat' dir='ltr'>expleverat.</span> <span class='ocrx_word' id='word_1_191' title='bbox 598 1644 686 1685; x_wconf 77' lang='lat' dir='ltr'>Hoc</span> <span class='ocrx_word' id='word_1_192' title='bbox 721 1643 848 1685; x_wconf 89' lang='lat' dir='ltr'>modo</span> <span class='ocrx_word' id='word_1_193' title='bbox 877 1642 1073 1684; x_wconf 79' lang='lat' dir='ltr'>instructi</span> <span class='ocrx_word' id='word_1_194' title='bbox 1108 1653 1136 1682; x_wconf 82' lang='lat' dir='ltr'>X</span> <span class='ocrx_word' id='word_1_195' title='bbox 1171 1641 1307 1682; x_wconf 87' lang='lat' dir='ltr'>stadia</span> <span class='ocrx_word' id='word_1_196' title='bbox 1338 1653 1479 1694; x_wconf 86' lang='lat' dir='ltr'>proce-</span> <span class='ocrx_word' id='word_1_197' title='bbox 1501 1657 1534 1682; x_wconf 75' lang='lat'>25</span> 
     </span>
     <span class='ocr_line' id='line_1_34' title="bbox 125 1700 1479 1759; baseline -0.005 -12"><span class='ocrx_word' id='word_1_198' title='bbox 125 1707 231 1747; x_wconf 88' lang='lat' dir='ltr'>dunt</span> <span class='ocrx_word' id='word_1_199' title='bbox 278 1706 466 1759; x_wconf 88' lang='lat' dir='ltr'>iussique</span> <span class='ocrx_word' id='word_1_200' title='bbox 509 1705 739 1745; x_wconf 83' lang='lat' dir='ltr'>subsistere</span> <span class='ocrx_word' id='word_1_201' title='bbox 781 1703 933 1744; x_wconf 88' lang='lat' dir='ltr'>armati</span> <span class='ocrx_word' id='word_1_202' title='bbox 975 1702 1142 1743; x_wconf 89' lang='lat' dir='ltr'>hostem</span> <span class='ocrx_word' id='word_1_203' title='bbox 1190 1700 1479 1755; x_wconf 80' lang='lat' dir='ltr'>expectabant.</span> 
     </span>
     <span class='ocr_line' id='line_1_35' title="bbox 216 1758 1553 1818; baseline -0.007 -12"><span class='ocrx_word' id='word_1_204' title='bbox 216 1765 448 1806; x_wconf 80' lang='lat' dir='ltr'>Alexandri</span> <span class='ocrx_word' id='word_1_205' title='bbox 491 1764 720 1806; x_wconf 78' lang='lat' dir='ltr'>exercitum</span> <span class='ocrx_word' id='word_1_206' title='bbox 761 1778 911 1818; x_wconf 85' lang='lat' dir='ltr'>pavor,</span> <span class='ocrx_word' id='word_1_207' title='bbox 949 1762 1069 1803; x_wconf 90' lang='lat' dir='ltr'>cuius</span> <span class='ocrx_word' id='word_1_208' title='bbox 1109 1775 1234 1802; x_wconf 88' lang='lat' dir='ltr'>causa</span> <span class='ocrx_word' id='word_1_209' title='bbox 1267 1774 1350 1800; x_wconf 89' lang='lat' dir='ltr'>non</span> <span class='ocrx_word' id='word_1_210' title='bbox 1385 1758 1553 1800; x_wconf 66' lang='lat' dir='ltr'>sub-46</span> 
     </span>
    </p>
   </div>
   <div class='ocr_carea' id='block_1_9' title="bbox 126 1887 1484 2413">
    <p class='ocr_par' dir='ltr' id='par_1_9' title="bbox 126 1887 1484 2413">
     <span class='ocr_line' id='line_1_36' title="bbox 222 1887 1480 1937; baseline -0.006 -9"><span class='ocrx_word' id='word_1_211' title='bbox 222 1900 240 1928; x_wconf 79' lang='lat'><strong>3</strong></span> <span class='ocrx_word' id='word_1_212' title='bbox 269 1895 447 1937; x_wconf 85' lang='lat' dir='ltr'>cuiusque</span> <span class='ocrx_word' id='word_1_213' title='bbox 469 1894 659 1928; x_wconf 63' lang='lat' dir='ltr'>Halmius:</span> <span class='ocrx_word' id='word_1_214' title='bbox 688 1892 845 1936; x_wconf 79' lang='lat' dir='ltr'>quisque</span> <span class='ocrx_word' id='word_1_215' title='bbox 865 1894 904 1925; x_wconf 81' lang='lat' dir='ltr'>A.</span> <span class='ocrx_word' id='word_1_216' title='bbox 1004 1894 1023 1924; x_wconf 83' lang='lat'>4</span> <span class='ocrx_word' id='word_1_217' title='bbox 1051 1889 1320 1924; x_wconf 79' lang='lat' dir='ltr'>Ariobarzanes</span> <span class='ocrx_word' id='word_1_218' title='bbox 1341 1887 1480 1921; x_wconf 71' lang='lat' dir='ltr'>Lauer:</span> 
     </span>
     <span class='ocr_line' id='line_1_37' title="bbox 127 1935 1480 1982; baseline -0.007 -5"><span class='ocrx_word' id='word_1_219' title='bbox 127 1943 386 1977; x_wconf 76' lang='lat' dir='ltr'>oriobarzanes</span> <span class='ocrx_word' id='word_1_220' title='bbox 426 1945 463 1976; x_wconf 85' lang='lat' dir='ltr'>A.</span> <span class='ocrx_word' id='word_1_221' title='bbox 625 1939 872 1974; x_wconf 62' lang='lat' dir='ltr'>‹trontobates</span> <span class='ocrx_word' id='word_1_222' title='bbox 918 1939 1128 1982; x_wconf 75' lang='lat' dir='ltr'>anptius:</span> <span class='ocrx_word' id='word_1_223' title='bbox 1176 1935 1402 1970; x_wconf 74' lang='lat' dir='ltr'>orionibates</span> <span class='ocrx_word' id='word_1_224' title='bbox 1442 1938 1480 1968; x_wconf 83' lang='grc' dir='ltr'>Δ.</span> 
     </span>
     <span class='ocr_line' id='line_1_38' title="bbox 129 1986 1408 2036; baseline -0.006 -12"><span class='ocrx_word' id='word_1_225' title='bbox 129 1997 169 2024; x_wconf 74' lang='lat'>12</span> <span class='ocrx_word' id='word_1_226' title='bbox 198 1990 349 2036; x_wconf 82' lang='lat' dir='ltr'>agmen]</span> <span class='ocrx_word' id='word_1_227' title='bbox 371 2000 516 2034; x_wconf 83' lang='lat' dir='ltr'>agmem</span> <span class='ocrx_word' id='word_1_228' title='bbox 537 1993 576 2022; x_wconf 88' lang='lat' dir='ltr'>V.</span> <span class='ocrx_word' id='word_1_229' title='bbox 655 1992 697 2021; x_wconf 87' lang='lat'>13</span> <span class='ocrx_word' id='word_1_230' title='bbox 719 1987 956 2031; x_wconf 81' lang='lat' dir='ltr'>adiunxerat]</span> <span class='ocrx_word' id='word_1_231' title='bbox 980 1986 1227 2019; x_wconf 80' lang='lat' dir='ltr'>adiunxerant</span> <span class='ocrx_word' id='word_1_232' title='bbox 1245 1987 1270 2016; x_wconf 89' lang='lat' dir='ltr'>P</span> <span class='ocrx_word' id='word_1_233' title='bbox 1292 1995 1334 2017; x_wconf 85' lang='lat' dir='ltr'>m.</span> <span class='ocrx_word' id='word_1_234' title='bbox 1351 1994 1408 2027; x_wconf 82' lang='lat' dir='ltr'>pr.</span> 
     </span>
     <span class='ocr_line' id='line_1_39' title="bbox 126 2030 1480 2083; baseline -0.007 -11"><span class='ocrx_word' id='word_1_235' title='bbox 126 2038 309 2083; x_wconf 88' lang='lat' dir='ltr'>Armenii]</span> <span class='ocrx_word' id='word_1_236' title='bbox 346 2037 455 2071; x_wconf 82' lang='lat' dir='ltr'>armti</span> <span class='ocrx_word' id='word_1_237' title='bbox 485 2040 510 2069; x_wconf 84' lang='lat' dir='ltr'>P</span> <span class='ocrx_word' id='word_1_238' title='bbox 542 2050 583 2070; x_wconf 86' lang='lat' dir='ltr'>m.</span> <span class='ocrx_word' id='word_1_239' title='bbox 611 2048 668 2080; x_wconf 75' lang='lat' dir='ltr'>pr.</span> <span class='ocrx_word' id='word_1_240' title='bbox 819 2038 859 2068; x_wconf 78' lang='lat'>14</span> <span class='ocrx_word' id='word_1_241' title='bbox 900 2033 1115 2077; x_wconf 68' lang='lat' dir='ltr'>Babylonii]</span> <span class='ocrx_word' id='word_1_242' title='bbox 1158 2030 1337 2066; x_wconf 87' lang='lat' dir='ltr'>babilonii</span> <span class='ocrx_word' id='word_1_243' title='bbox 1374 2033 1480 2063; x_wconf 83' lang='lat' dir='ltr'>FLV.</span> 
     </span>
     <span class='ocr_line' id='line_1_40' title="bbox 129 2078 1483 2126; baseline -0.008 -6"><span class='ocrx_word' id='word_1_244' title='bbox 129 2091 171 2120; x_wconf 69' lang='lat'>15</span> <span class='ocrx_word' id='word_1_245' title='bbox 199 2086 441 2120; x_wconf 69' lang='lat' dir='ltr'>Cossaeorum</span> <span class='ocrx_word' id='word_1_246' title='bbox 464 2085 684 2119; x_wconf 65' lang='lat' dir='ltr'>Fralwnius:</span> <span class='ocrx_word' id='word_1_247' title='bbox 713 2092 977 2126; x_wconf 83' lang='lat' dir='ltr'>quossaeorum</span> <span class='ocrx_word' id='word_1_248' title='bbox 1004 2084 1042 2114; x_wconf 86' lang='grc' dir='ltr'>Δ.</span> <span class='ocrx_word' id='word_1_249' title='bbox 1122 2083 1162 2113; x_wconf 85' lang='grc'>16</span> <span class='ocrx_word' id='word_1_250' title='bbox 1190 2078 1312 2123; x_wconf 84' lang='lat' dir='ltr'>gentis</span> <span class='ocrx_word' id='word_1_251' title='bbox 1333 2078 1483 2112; x_wconf 77' lang='lat' dir='ltr'>Freins-</span> 
     </span>
     <span class='ocr_line' id='line_1_41' title="bbox 126 2125 1483 2177; baseline -0.007 -9"><span class='ocrx_word' id='word_1_252' title='bbox 126 2135 278 2169; x_wconf 63' lang='lat' dir='ltr'>homins:</span> <span class='ocrx_word' id='word_1_253' title='bbox 307 2135 437 2177; x_wconf 76' lang='lat' dir='ltr'>gentes</span> <span class='ocrx_word' id='word_1_254' title='bbox 459 2136 496 2165; x_wconf 80' lang='lat' dir='ltr'>A.</span> <span class='ocrx_word' id='word_1_255' title='bbox 580 2131 783 2175; x_wconf 79' lang='lat' dir='ltr'>Euboicae}</span> <span class='ocrx_word' id='word_1_256' title='bbox 811 2129 989 2163; x_wconf 82' lang='lat' dir='ltr'>eubociae</span> <span class='ocrx_word' id='word_1_257' title='bbox 1009 2132 1045 2161; x_wconf 78' lang='lat' dir='ltr'>F.</span> <span class='ocrx_word' id='word_1_258' title='bbox 1125 2131 1162 2160; x_wconf 76' lang='grc'>17</span> <span class='ocrx_word' id='word_1_259' title='bbox 1187 2125 1315 2171; x_wconf 83' lang='lat' dir='ltr'>patrii]</span> <span class='ocrx_word' id='word_1_260' title='bbox 1339 2125 1436 2169; x_wconf 87' lang='lat' dir='ltr'>patri</span> <span class='ocrx_word' id='word_1_261' title='bbox 1457 2128 1483 2158; x_wconf 75' lang='grc' dir='ltr'><strong><em>Ε</em></strong></span> 
     </span>
     <span class='ocr_line' id='line_1_42' title="bbox 126 2172 1482 2226; baseline -0.008 -10"><span class='ocrx_word' id='word_1_262' title='bbox 126 2194 170 2216; x_wconf 85' lang='lat' dir='ltr'>m.</span> <span class='ocrx_word' id='word_1_263' title='bbox 190 2194 246 2226; x_wconf 77' lang='grc' dir='ltr'>μν.</span> <span class='ocrx_word' id='word_1_264' title='bbox 262 2185 286 2214; x_wconf 90' lang='lat' dir='ltr'>P</span> <span class='ocrx_word' id='word_1_265' title='bbox 309 2193 350 2214; x_wconf 84' lang='lat' dir='ltr'>m.</span> <span class='ocrx_word' id='word_1_266' title='bbox 367 2193 424 2224; x_wconf 70' lang='lat' dir='ltr'>pr.</span> <span class='ocrx_word' id='word_1_267' title='bbox 502 2185 543 2213; x_wconf 57' lang='lat'>1³⁴</span> <span class='ocrx_word' id='word_1_268' title='bbox 569 2179 744 2222; x_wconf 69' lang='lat' dir='ltr'>Phrygas]</span> <span class='ocrx_word' id='word_1_269' title='bbox 764 2177 915 2223; x_wconf 83' lang='lat' dir='ltr'>phrigas</span> <span class='ocrx_word' id='word_1_270' title='bbox 936 2180 973 2219; x_wconf 79' lang='lat' dir='ltr'>L,</span> <span class='ocrx_word' id='word_1_271' title='bbox 993 2176 1152 2220; x_wconf 70' lang='lat' dir='ltr'>pbrycas</span> <span class='ocrx_word' id='word_1_272' title='bbox 1167 2177 1206 2208; x_wconf 83' lang='lat' dir='ltr'>V.</span> <span class='ocrx_word' id='word_1_273' title='bbox 1283 2172 1482 2218; x_wconf 77' lang='lat' dir='ltr'>Cataonas]</span> 
     </span>
     <span class='ocr_line' id='line_1_43' title="bbox 128 2220 1483 2272; baseline -0.008 -9"><span class='ocrx_word' id='word_1_274' title='bbox 128 2233 280 2263; x_wconf 60' lang='lat' dir='ltr'>catonus</span> <span class='ocrx_word' id='word_1_275' title='bbox 308 2232 333 2261; x_wconf 77' lang='lat' dir='ltr'>F</span> <span class='ocrx_word' id='word_1_276' title='bbox 363 2241 404 2262; x_wconf 84' lang='lat' dir='ltr'>m.</span> <span class='ocrx_word' id='word_1_277' title='bbox 430 2240 489 2272; x_wconf 74' lang='lat' dir='ltr'>pr.</span> <span class='ocrx_word' id='word_1_278' title='bbox 617 2225 904 2269; x_wconf 72' lang='lat' dir='ltr'>Parthyaeorum</span> <span class='ocrx_word' id='word_1_279' title='bbox 933 2224 1140 2267; x_wconf 69' lang='lat' dir='ltr'>Zumptius:</span> <span class='ocrx_word' id='word_1_280' title='bbox 1176 2220 1418 2265; x_wconf 39' lang='lat' dir='ltr'>partho—vrum</span> <span class='ocrx_word' id='word_1_281' title='bbox 1446 2223 1483 2260; x_wconf 81' lang='grc' dir='ltr'>Ρ,</span> 
     </span>
     <span class='ocr_line' id='line_1_44' title="bbox 128 2267 1484 2321; baseline -0.008 -10"><span class='ocrx_word' id='word_1_282' title='bbox 128 2277 358 2321; x_wconf 82' lang='lat' dir='ltr'>parthoirum</span> <span class='ocrx_word' id='word_1_283' title='bbox 380 2280 402 2309; x_wconf 85' lang='lat' dir='ltr'>C</span> <span class='ocrx_word' id='word_1_284' title='bbox 430 2274 651 2321; x_wconf 75' lang='lat' dir='ltr'>[pai-toltum</span> <span class='ocrx_word' id='word_1_285' title='bbox 672 2274 724 2318; x_wconf 76' lang='grc' dir='ltr'>ΕΙ.</span> <span class='ocrx_word' id='word_1_286' title='bbox 801 2276 844 2306; x_wconf 78' lang='lat'>20</span> <span class='ocrx_word' id='word_1_287' title='bbox 873 2271 1025 2315; x_wconf 64' lang='lat' dir='ltr'>Scythia</span> <span class='ocrx_word' id='word_1_288' title='bbox 1047 2274 1079 2303; x_wconf 83' lang='lat'>1:</span> <span class='ocrx_word' id='word_1_289' title='bbox 1108 2269 1227 2313; x_wconf 77' lang='lat' dir='ltr'>scytia</span> <span class='ocrx_word' id='word_1_290' title='bbox 1248 2272 1286 2302; x_wconf 79' lang='lat' dir='ltr'>A.</span> <span class='ocrx_word' id='word_1_291' title='bbox 1363 2271 1403 2301; x_wconf 75' lang='lat'>21</span> <span class='ocrx_word' id='word_1_292' title='bbox 1430 2267 1484 2300; x_wconf 84' lang='lat' dir='ltr'>fa-</span> 
     </span>
     <span class='ocr_line' id='line_1_45' title="bbox 129 2316 1484 2360; baseline -0.008 -2"><span class='ocrx_word' id='word_1_293' title='bbox 129 2325 201 2358; x_wconf 76' lang='lat' dir='ltr'>cies</span> <span class='ocrx_word' id='word_1_294' title='bbox 228 2328 260 2357; x_wconf 85' lang='lat'>1:</span> <span class='ocrx_word' id='word_1_295' title='bbox 290 2324 388 2357; x_wconf 80' lang='lat' dir='ltr'>acies</span> <span class='ocrx_word' id='word_1_296' title='bbox 416 2326 453 2357; x_wconf 83' lang='grc' dir='ltr'>Δ.</span> <span class='ocrx_word' id='word_1_297' title='bbox 541 2326 583 2355; x_wconf 74' lang='grc'>22</span> <span class='ocrx_word' id='word_1_298' title='bbox 612 2320 808 2356; x_wconf 80' lang='lat' dir='ltr'>Armeniae</span> <span class='ocrx_word' id='word_1_299' title='bbox 828 2324 860 2353; x_wconf 84' lang='lat'>1:</span> <span class='ocrx_word' id='word_1_300' title='bbox 889 2318 1099 2353; x_wconf 78' lang='lat' dir='ltr'>armoeniae</span> <span class='ocrx_word' id='word_1_301' title='bbox 1126 2321 1164 2350; x_wconf 85' lang='grc' dir='ltr'>Δ.</span> <span class='ocrx_word' id='word_1_302' title='bbox 1246 2320 1289 2349; x_wconf 70' lang='grc'>23</span> <span class='ocrx_word' id='word_1_303' title='bbox 1318 2316 1484 2360; x_wconf 79' lang='lat' dir='ltr'>Summa]</span> 
     </span>
     <span class='ocr_line' id='line_1_46' title="bbox 129 2369 986 2413; baseline -0.007 -7"><span class='ocrx_word' id='word_1_304' title='bbox 129 2384 307 2406; x_wconf 78' lang='lat' dir='ltr'>summam</span> <span class='ocrx_word' id='word_1_305' title='bbox 337 2375 370 2404; x_wconf 85' lang='lat' dir='ltr'>P.</span> <span class='ocrx_word' id='word_1_306' title='bbox 472 2376 513 2404; x_wconf 75' lang='lat'>24</span> <span class='ocrx_word' id='word_1_307' title='bbox 544 2382 609 2403; x_wconf 66' lang='lat' dir='ltr'>xm*</span> <span class='ocrx_word' id='word_1_308' title='bbox 640 2369 757 2413; x_wconf 82' lang='lat' dir='ltr'>milia]</span> <span class='ocrx_word' id='word_1_309' title='bbox 787 2381 851 2401; x_wconf 61' lang='lat' dir='ltr'>xm*</span> <span class='ocrx_word' id='word_1_310' title='bbox 881 2370 986 2400; x_wconf 77' lang='lat' dir='ltr'>FLV.</span> 
     </span>
    </p>
   </div>
  </div>
 </body>
</html>
