1610 2522
50 209 89 238 :21

47 386 90 416 ‘22’

125 87 205 128 [04
619 87 659 130 Q.
687 88 830 123 CURTI
857 89 967 124 RUFI

122 199 196 237 aut
234 197 278 237 in
317 197 405 238 acie
444 197 646 239 cecidisse
684 198 913 239 credebant
954 215 1030 240 --ε
1071 213 1165 240 cum
1210 203 1383 254 repente
1422 215 1470 242 ex

123 256 298 297 adverso
332 256 531 310 apparuit
565 271 717 312 agmen
744 258 948 311 equitum,
981 259 1052 311 qui
1087 260 1224 312 primo
1251 259 1473 302 inhibuere

119 329 302 368 cursum,
333 315 483 356 deinde
509 315 788 357 Macedonum
818 319 1030 371 paucitate
1058 322 1285 373 conspecta
1310 322 1473 360 turmas

120 376 161 416 in
204 374 354 416 obvios
394 375 725 417 concitaverunt.
789 375 902 418 Ante
943 377 1066 432 signa
1105 392 1179 418 rex
1221 379 1311 419 ibat
1354 378 1473 420 dissi·

119 433 278 475 mulato
320 435 458 489 magis
500 434 689 488 periculo
733 450 859 489 quam
903 439 1058 490 spreto.
1125 436 1216 478 Nec
1257 437 1393 479 defuit
1434 439 1472 480 ei
1510 455 1526 479 ε

48 505 91 535 23
120 496 325 547 perpetua
351 495 396 534 in
417 493 557 535 dubiis
584 494 710 536 rebus
737 495 929 536 felicitas
991 495 1190 562 Namque
1210 498 1471 551 praefectum

46 862 88 891 ‘25

41 1695 84 1725 29

40 1814 85 1844 30

120 554 334 618 equitatus
368 553 539 594 avidum
574 554 816 595 cerztuninis
850 558 892 595 et
924 555 977 597 ob
1012 555 1054 596 id
1087 555 1226 610 ipsum
1262 557 1473 598 incautius

122 613 161 653 in
207 626 251 653 se
295 615 489 654 ruentem
535 613 659 654 hasta
703 614 936 655 transfixit:
982 629 1066 669 quo
1109 629 1159 656 ex
1200 630 1310 669 equo
1351 617 1473 671 lapso

119 671 362 725 proximum
404 687 452 714 ac
495 672 592 713 dein
632 672 777 739 plures
816 674 963 715 eodem
1007 673 1092 715 telo
1135 675 1337 717 confodit.
1406 674 1472 717 In-

120 745 262 772 vasere
294 731 489 773 turbatos
529 732 653 773 amici
687 747 868 787 quoque
930 732 1021 775 Nec
1053 732 1205 775 Persae
1244 735 1368 776 inulti
1408 749 1472 777 ca·
1494 751 1526 776 10

117 790 290 831 debant:
331 792 490 846 quippe
530 805 615 832 non
649 793 871 833 universae
904 794 1014 834 acies
1047 808 1174 847 quam
1208 794 1287 835 hae
1319 795 1474 836 tumul-

118 851 279 891 tuariae
312 865 462 892 manus
495 851 788 893 vehementius
826 853 958 894 iniere
997 856 1221 894 certamen.
1284 852 1471 895 Tandem

117 909 298 963 barbari,
341 924 437 951 cum
477 910 657 952 obscura
695 912 789 952 luce
827 913 960 953 tutior
999 912 1101 967 fuga
1132 912 1345 954 videretur
1383 927 1473 955 esse

117 983 243 1023 quam
276 984 440 1025 pugna,
483 970 683 1025 dispersis
717 971 960 1025 agminibus
999 971 1150 1013 abiere.
1212 971 1306 1013 Rex
1338 975 1474 1014 extra-

116 1028 329 1070 ordinario
362 1030 554 1084 periculo
582 1029 807 1073 defunctus
835 1030 1061 1072 incolumis
1095 1045 1194 1073 suos
1227 1031 1395 1073 reduxit
1428 1032 1470 1073 in
1492 1048 1527 1074 ιε

117 1091 263 1129 castra.

205 1146 404 1190 Cecidere
425 1148 661 1204 Persarum,
689 1164 870 1203 quorum
891 1165 1117 1191 numerum
1139 1151 1323 1192 victores
1350 1151 1472 1192 finire
1491 1153 1542 1189 63

116 1210 366 1261 potuerunt,
418 1208 537 1249 milia
581 1220 655 1262 XL,
699 1208 981 1251 Macedonum
1027 1211 1167 1251 minus
1213 1224 1339 1264 quam
1386 1221 1472 1252 CCC

116 1266 341 1308 desiderati
381 1270 490 1309 sunt.
556 1267 751 1310 Ceterum
790 1268 899 1310 hanc
937 1270 1159 1310 victoriam
1198 1284 1271 1311 rex
1310 1269 1471 1311 maiore

115 1341 164 1367 ex
207 1330 326 1381 parte
368 1328 518 1369 virtuti
560 1342 687 1382 quam
729 1329 927 1370 fortunae
969 1343 1068 1369 suae
1109 1328 1272 1370 debuit:
1315 1330 1470 1382 animo,
1491 1346 1527 1371 20

67 1397 85 1427 5:
116 1401 212 1440 non,
251 1390 299 1427 ut
338 1390 472 1441 antea,
510 1388 605 1429 loco
645 1388 758 1429 vicit.
822 1387 933 1429 Nam
975 1391 1016 1430 et
1048 1389 1179 1430 aciem
1213 1389 1470 1443 peritissime

117 1446 318 1487 instruxit
350 1450 392 1487 et
418 1448 737 1501 promptissime
763 1449 854 1501 ipse
880 1449 1091 1503 pugnavit
1123 1451 1165 1489 et
1191 1463 1347 1504 magno
1375 1462 1472 1490 con-

115 1505 210 1547 silio
244 1506 449 1547 iacturam
485 1508 743 1548 sarcinarum
778 1507 1250 1562 inpedimentorumque
1287 1511 1474 1549 conteni-

114 1566 212 1619 psit,
246 1580 341 1606 cum
375 1565 419 1606 in
451 1565 543 1620 ipsa
577 1567 665 1608 acie
694 1581 883 1608 summae
916 1568 975 1608 rei
1008 1567 1170 1608 videret
1204 1581 1292 1608 esse
1326 1567 1472 1608 discri-

115 1638 222 1677 men,
265 1625 478 1679 dubioque
521 1626 658 1667 adhuc
701 1641 870 1682 pugnae
911 1629 1065 1667 eventu
1105 1641 1184 1681 pro
1222 1627 1386 1669 victore
1427 1641 1470 1669 se
1491 1643 1525 1668 25

113 1684 255 1740 gessit.
339 1683 561 1726 Perculsos
608 1685 758 1727 deinde
799 1685 936 1727 hostis
982 1689 1028 1727 ut
1073 1685 1201 1739 fudit,
1246 1686 1471 1742 fugientes,

115 1744 229 1797 quod
263 1744 307 1784 in
339 1743 414 1785 illo
448 1744 597 1786 ardore
625 1745 755 1786 animi
789 1746 858 1785 vix
894 1745 1008 1786 credi
1033 1748 1187 1798 potest,
1218 1746 1470 1800 prudentius

115 1817 241 1856 quam
271 1803 435 1845 avidius
462 1807 710 1858 persecutus
745 1807 820 1845 est.
883 1803 994 1845 Nam
1035 1805 1071 1845 si
1109 1807 1228 1859 parte
1261 1805 1470 1847 exercitus

113 1861 253 1937 adhuc
291 1863 335 1904 in
373 1863 463 1905 acie
502 1867 641 1905 stante
680 1864 836 1905 instare
870 1863 1116 1905 cedentibus
1149 1867 1470 1918 perseverasset,

207 1971 227 2001 4
254 1936 350 2014 ibat]
376 1968 484 2002 hibat
509 1972 545 2002 F.
645 1967 898 2013 dissimulato]
926 1967 1150 2003 dissimilato
1177 1973 1212 2002 P.
1318 1972 1337 2002 6
1365 1979 1470 2012 prae-

110 2014 270 2062 fectum]
290 2015 537 2060 perfectumP
553 2029 594 2050 m.
604 2028 664 2061 pr.
732 2019 749 2049 ἰ·
766 2015 970 2062 incautius]
985 2015 1176 2050 incaucius
1190 2020 1229 2049 V.
1300 2020 1339 2050 11
1358 2027 1469 2059 quam

111 2074 177 2096 om.
205 2066 230 2096 P
258 2075 299 2098 m.
316 2075 378 2108 pr.
502 2067 544 2097 12
582 2063 850 2109 vehementius]
887 2063 1148 2098 uehemencius
1174 2067 1213 2096 V.
1337 2063 1452 2097 iniere

111 2109 271 2144 iniacere
292 2114 319 2144 P
340 2123 383 2145 m.
398 2123 458 2156 pr.
479 2115 505 2144 P
524 2123 568 2145 m.
583 2123 657 2156 pr..
684 2111 842 2145 iniecere
863 2115 888 2144 L
914 2123 957 2145 ιω
979 2123 1068 2146 corr.
1170 2115 1212 2146 14
1240 2110 1452 2155 agminibus

111 2157 318 2192 acminibus
345 2162 380 2193 F.
469 2159 610 2205 abiere]
638 2158 762 2193 adiere
788 2162 828 2192 V.
921 2163 963 2192 15
990 2157 1186 2192 incolumis
1215 2157 1467 2194 Ja'berhardus:

111 2204 316 2239 incolumes
331 2209 369 2239 A.
447 2210 489 2240 19
511 2205 730 2252 desiderati]
746 2217 787 2240 ac
803 2205 1006 2240 desiderati
1021 2209 1047 2239 F
1066 2218 1177 2250 m.]›r.
1253 2210 1297 2239 22
1318 2217 1468 2250 promp-

111 2252 269 2299 tissime]
284 2253 555 2297 promptissimi
567 2258 592 2287 P
609 2266 719 2298 m.pr.
784 2257 827 2287 26
840 2253 958 2287 hostis
973 2256 1012 2287 ut
1029 2255 1233 2288 Bentleins:
1249 2253 1412 2288 hostium
1428 2256 1467 2286 Δ.

111 2303 153 2333 27
181 2302 317 2343 potest,
338 2301 575 2348 prudent-ius]
595 2301 816 2346 prudentius
836 2303 959 2345 potest
981 2304 1006 2334 B
1031 2313 1074 2335 711.
1091 2313 1149 2345 pr.
1171 2304 1244 2334 LV.
1344 2304 1387 2334 29
1414 2301 1469 2334 in-

111 2347 222 2392 stare]
252 2349 349 2382 stare
375 2352 401 2382 P
422 2361 466 2383 m.
482 2361 554 2394 pr„
581 2350 724 2383 snstare
744 2352 782 2382 F.
