1610 2522
35 754 68 778 10

17 979 66 1014 32

35 1052 67 1076 15

35 1349 68 1373 20

365 87 698 122 HISTORIARUM
726 87 1006 122 ALEXANDRJ
1034 87 1110 130 vu,
1140 91 1168 121 τ.
1356 89 1441 129 235

89 197 240 239 similis
267 197 406 239 stabat
432 211 507 252 per
533 199 692 238 metum
720 197 847 238 etiam
874 211 975 238 voce
1003 211 1229 251 suppressa
1256 198 1443 238 tandem-

89 272 170 312 que
215 257 361 299 eodem
406 259 521 298 metu
565 257 829 310 stimulante,
874 272 924 297 ne
958 257 1069 312 regis
1103 257 1441 310 expectationem

89 319 340 358 moraretur:
376 316 564 371 ‘Magni',
610 316 761 370 inquit,
801 316 985 369 ‘lab01·is,
1027 330 1111 357 non
1145 316 1264 357 inriti
1299 316 1443 357 discri-

88 391 182 418 men
211 376 368 417 instare
395 375 602 430 praedixi:
639 390 715 416 nec
742 390 808 416 me
835 379 921 417 tam
954 390 1021 416 ars
1048 390 1142 417 mea
1175 391 1301 430 quam
1328 376 1442 417 beni-
1470 390 1478 403 ⁴

89 435 274 476 volentia
315 440 384 477 tua
424 435 656 489 perturbat.
719 434 1016 476 Infirmitatem
1056 434 1303 476 valitudinis
1345 439 1442 476 tuae

89 496 210 536 video
243 499 296 548 et,
329 497 535 549 quantum
564 496 607 536 in
635 509 719 535 uno
746 498 788 536 te
815 495 883 548 sit,
915 495 1023 537 scio:
1057 509 1215 548 vereor,
1246 510 1298 536 ne
1326 510 1443 549 prae-

88 555 197 596 senti
230 554 424 596 fortunae
450 557 496 595 tu
524 554 718 596 sufficere
744 568 830 595 non
856 555 1021 609 possis'
1074 554 1165 595 Rex
1196 555 1321 596 iussit
1348 570 1442 596 eum

89 615 300 656 confidere
332 614 527 655 felicitati
560 628 677 654 suae:
710 618 756 655 ut
791 615 893 655 alias
927 615 1009 656 sibi
1041 614 1100 655 ait
1132 614 1313 669 gloriam
1348 629 1441 655 con-

88 673 232 715 cedere
277 674 387 715 deos.
461 672 730 714 Consultanti
776 673 872 714 inde
918 688 1013 715 cum
1059 673 1210 728 isdem,
1257 688 1440 728 quonam

89 733 215 774 modo
243 733 399 774 flumen
427 732 667 786 transirent,
694 733 939 787 supervenit
959 732 1212 774 Aristander
1230 748 1317 774 non
1339 734 1442 774 alias

86 794 263 834 laetiora
310 795 406 833 exta
450 792 606 834 vidisse
651 807 693 833 se
739 793 984 843 adfirmans,
1035 793 1183 847 utique
1226 793 1442 848 prioribus

89 853 214 908 longe
236 852 415 893 diversa:
440 855 530 892 tum
553 852 856 893 sollicitudinis
880 867 1026 894 causas
1048 852 1304 907 adparuisse,
1331 867 1441 894 nunc

87 926 260 966 prorsus
293 912 463 967 egregie
494 912 665 952 litatum
699 926 799 952 esse.

179 970 387 1025 Ceterum,
416 986 521 1025 quae
551 971 729 1012 subinde
752 972 946 1013 nuntiata
967 975 1066 1013 sunt
1086 971 1189 1025 regi,
1217 971 1442 1012 continuae

88 1030 281 1072 felicitati
317 1045 457 1072 rerum
490 1032 579 1071 eius
612 1031 887 1084 inposuerant
919 1031 1070 1072 labem.
1134 1031 1443 1085 Menedemum,

88 1093 135 1131 ut
167 1105 295 1144 supra
327 1090 485 1131 dictum
520 1093 593 1143 est,
630 1090 804 1131 miserat
836 1091 887 1132 ad
921 1091 1200 1132 obsidendum
1236 1089 1442 1145 Spitame-

87 1164 187 1202 nen,
243 1149 493 1191 Bactrianae
539 1150 788 1191 defectionis
834 1153 1067 1192 auctorem:
1120 1151 1191 1204 qui
1238 1154 1441 1204 conperto

87 1209 224 1250 hostis
244 1209 441 1263 adventu,
461 1224 513 1250 ne
543 1210 675 1250 muris
696 1210 813 1250 urbis
836 1210 1134 1262 includeretur,
1161 1210 1288 1251 simul
1308 1211 1442 1251 fretus

89 1268 224 1323 excipi
246 1283 383 1322 posse,
406 1283 490 1322 qua
516 1284 609 1310 euni
639 1272 865 1310 venturum
887 1269 1060 1323 sciebat,
1086 1270 1277 1311 consedit
1305 1269 1442 1311 occul-

89 1331 168 1369 tus.
233 1327 435 1369 Silvestre
480 1329 560 1369 iter
603 1331 752 1382 aptum
796 1329 963 1370 insidiis
1007 1329 1200 1384 tegendis
1234 1331 1340 1371 erat:
1382 1329 1442 1369 ibi

88 1387 231 1428 Dahas
265 1388 462 1429 condidit.
526 1387 638 1441 Equi
671 1388 795 1430 binos
827 1391 1012 1430 armatos
1045 1388 1218 1442 vehunt,
1260 1403 1441 1442 quorum

89 1447 270 1489 invicem
315 1448 474 1502 singuli
518 1450 689 1501 repente
731 1447 933 1489 desiliunt
966 1452 1002 1489 et
1033 1449 1241 1502 equestris
1275 1463 1442 1503 pugnae

89 1506 278 1547 ordinem
322 1507 509 1547 turbant.
572 1506 794 1560 Equorum
838 1507 1056 1549 velocitati
1094 1523 1170 1562 par
1208 1510 1272 1549 est
1307 1507 1442 1548 homi-

88 1581 189 1607 num
244 1566 482 1620 pernicitas.
571 1565 662 1608 Hos
708 1565 972 1620 Spitamenes
1018 1568 1175 1608 saltum
1221 1567 1442 1608 circumire

36 1646 50 1660 «ι
89 1626 226 1666 iussos
272 1625 430 1679 pariter
474 1628 516 1666 et
555 1641 578 1666 a
615 1625 821 1667 lateribus
867 1630 909 1668 et
946 1642 969 1667 a
1005 1627 1144 1668 fronte
1189 1629 1230 1667 et
1264 1642 1287 1667 a
1319 1628 1440 1682 tergo

89 1684 203 1725 hosti
249 1685 446 1726 ostendit.
507 1685 780 1726 Menedemus
824 1686 1011 1740 undique
1044 1685 1244 1737 inclusus,
1283 1701 1335 1727 ne
1367 1701 1441 1727 nu-

186 1830 199 1860 1
230 1826 472 1872 tandemque]
498 1826 711 1870 tandenque
739 1831 770 1859 C.
853 1831 872 1859 3
899 1827 1039 1873 inquit]
1064 1826 1196 1871 inquid
1222 1830 1261 1860 V.
1337 1830 1357 1860 4
1384 1839 1441 1860 me.

89 1875 165 1907 tam
193 1875 397 1908 Bentleizcs:
429 1885 510 1908 mea
536 1877 574 1906 A.
674 1873 926 1908 benivolentia
952 1879 1029 1909 tua
1053 1875 1197 1918 scripsi:
1228 1873 1441 1909 beniuolen-

89 1920 143 1955 tia
169 1924 208 1954 A.
308 1925 327 1955 5
353 1920 588 1967 valitudinis]
614 1921 794 1955 ualitudis
821 1925 846 1955 Β
867 1934 912 1956 m.
933 1934 986 1966 pr.
1008 1925 1080 1955 LV.
1183 1927 1199 1956 7
1228 1923 1269 1956 tu
1294 1923 1439 1966 scripsi:

89 1970 175 2002 tuae
202 1971 239 2002 A.
356 1968 466 2003 iussit
491 1980 573 2003 eum
602 1970 759 2013 saepius:
787 1969 928 2003 iussum
954 1973 992 2003 A.
1105 1974 1124 2003 ὅ
1153 1970 1334 2004 confidere
1360 1969 1441 2003 feli-

91 2016 195 2050 citati
221 2020 254 2049 1:
283 2017 455 2051 confitere
481 2016 672 2050 felicitatis
700 2019 739 2050 A.
857 2019 899 2050 ut
925 2017 1018 2051 alias
1045 2017 1115 2051 sibi
1142 2017 1195 2051 ait
1219 2018 1365 2061 scripsi:
1394 2017 1441 2051 ad

90 2063 164 2097 alia
191 2063 261 2097 sibi
290 2063 395 2110 admA.
507 2068 525 2097 9
553 2064 640 2097 inde
666 2065 802 2099 Aldus:
830 2064 922 2098 mihi
944 2069 983 2099 A.
1097 2069 1137 2099 12
1166 2064 1383 2108 adparuisse
1403 2068 1439 2097 P:

90 2110 305 2155 apparuisse
332 2116 364 2145 C.
464 2116 506 2145 13
532 2112 697 2157 prorsus]
724 2123 880 2155 propsus
900 2116 936 2146 P.
1037 2116 1079 2146 15
1106 2112 1296 2158 felicitati]
1323 2111 1441 2146 felici-

89 2158 179 2192 tatis
211 2162 246 2191 P.
391 2159 648 2204 inposuerant]
684 2159 928 2202 inposuerunt
959 2163 994 2193 L.
1144 2164 1186 2194 16
1223 2160 1285 2205 ad]
1322 2159 1368 2193 ab
1400 2163 1440 2193 V.

92 2209 133 2239 16
161 2206 290 2251 muris]
317 2206 478 2240 muneris
504 2210 538 2240 P.
628 2210 670 2240 19
698 2218 770 2250 qua
797 2218 880 2240 eum
901 2207 1045 2252 Stanyl:
1075 2219 1183 2250 quem
1211 2210 1248 2240 A.
1333 2210 1377 2240 22
1405 2211 1442 2241 et

91 2253 271 2297 equestris
291 2254 436 2297 scripsi:
459 2253 638 2297 equestris
660 2256 698 2287 A.
769 2257 812 2287 23
833 2266 900 2298 par
920 2256 975 2288 est
995 2259 1036 2288 P:
1058 2266 1125 2298 par
1145 2258 1177 2287 G.
1253 2258 1297 2288 24
1319 2254 1439 2298 Spita-

90 2300 232 2346 menes]
257 2300 464 2344 pitamenes
491 2305 563 2334 PV.
672 2301 880 2347 circumire]
909 2302 1063 2336 circuire
1088 2305 1124 2335 F.
1232 2306 1274 2336 25
1302 2313 1323 2335 a
1349 2301 1438 2335 late-

90 2348 208 2393 ribus]
237 2348 416 2382 alteribus
442 2352 480 2382 V.
590 2351 633 2382 26
661 2349 721 2394 ne]
749 2349 809 2383 ine
836 2353 871 2382 P.

1470 568 1513 597 ⁶28

1471 984 1513 1013 30

1471 1043 1510 1073 31

1470 1342 1512 1372 32

1470 1521 1512 1550 33

1469 1700 1512 1729 34
