1610 2522
40 776 74 800 10

40 1073 72 1097 15

47 1355 72 1389 b'd

142 112 181 154 Q.
210 111 353 146 CURTI
380 111 491 145 RUFI
519 109 852 145 HISTORIARUM
882 109 1162 144 ALEXANDRI
1184 109 1260 151 VII,
1284 114 1311 143 1.
1366 109 1448 150 199

93 221 177 262 sito
198 220 420 262 Atarrhias
447 221 663 274 postulare
686 219 838 273 coepit,
865 222 911 260 ut
936 219 1169 273 Lyncestes
1196 218 1448 272 Alexander,

97 280 170 333 qui
210 281 346 321 multo
389 283 485 321 ante
525 295 651 334 quam
685 279 876 320 Philotas
918 293 1059 334 regem
1093 277 1298 320 voluisset
1342 278 1447 320 occi-

95 340 212 391 dere,
256 338 537 380 exhiberetur.
601 338 639 379 A
694 338 858 380 duobus
898 338 1127 391 indicibus,
1171 339 1281 379 sicut
1322 352 1449 392 supra

95 398 298 452 diximus,
336 398 500 440 delatus
536 399 708 439 tertium
741 399 824 439 iam
863 412 1019 438 annum
1053 397 1373 439 custodiebatur
1405 398 1447 438 in

95 458 287 499 vinculis.
349 457 544 499 Eundem
583 459 627 499 in
659 457 850 512 Philippi
892 471 1061 511 quoque
1102 456 1273 498 caedem
1305 456 1447 498 coniu-

94 532 208 558 rasse
235 532 328 558 cum
351 516 560 558 Pausania
585 532 662 571 pro
690 519 892 571 conperto
920 516 1013 570 fuit,
1046 516 1119 557 sed
1153 517 1254 570 quia
1285 517 1448 570 primus

96 577 385 618 Alexandrum
417 591 560 632 regem
596 577 873 630 salutaverat,
906 575 1117 630 supplicio
1151 575 1286 631 magis
1320 590 1447 629 quam

1476 349 1495 378 οἱ

94 637 262 678 crimini
294 636 433 676 fuerat
465 639 706 690 exemptus:
739 639 830 676 tum
858 650 1027 690 quoque
1060 635 1282 689 Antipatri
1315 636 1447 676 soceri
1478 646 1493 675 τ

93 696 184 736 eius
222 710 368 750 preces
413 696 567 737 iustam
607 695 719 750 regis
762 696 866 736 iram
900 695 1186 736 morabantur.
1252 694 1447 735 Ceterum

94 755 308 796 recruduit
359 758 618 809 suppuratus
662 755 802 796 dolor:
854 754 1013 808 quippe
1064 754 1221 795 veteris
1271 754 1448 808 periculi

96 814 342 855 memoriam
375 814 610 868 praesentis
633 828 732 855 cura
757 813 999 855 renovabat.
1044 812 1183 868 Igitur
1208 813 1450 855 Alexander

93 889 144 916 ex
177 874 370 915 custodia
396 874 590 916 educitur
615 874 841 927 iussusque
874 873 1024 926 dicere,
1062 887 1323 927 quamquam
1355 875 1448 914 toto

92 933 276 974 triennio
318 933 545 974 meditatus
584 936 673 973 erat
712 933 1019 986 defensionem,
1060 935 1202 973 tamen
1234 932 1448 973 haesitans

94 996 135 1033 et
167 993 357 1047 trepidus
390 1007 525 1047 pauca
557 1008 607 1033 ex
639 992 725 1046 his,
764 1007 870 1046 quae
910 995 1211 1046 conposuerat,
1255 992 1448 1046 protulit7

94 1053 144 1093 ad
177 1051 376 1093 ultimum
407 1066 495 1093 non
527 1053 731 1093 memoria
750 1053 902 1104 solum,
935 1052 1007 1093 sed
1039 1051 1167 1093 etiam
1200 1066 1318 1092 mens
1353 1066 1448 1092 eum

94 1112 300 1152 destituit.
346 1110 467 1152 Nulli
494 1114 584 1152 erat
609 1111 799 1163 dubium,
833 1111 936 1165 quin
969 1111 1201 1164 trepidatio
1235 1111 1447 1152 conscien-
1477 1124 1485 1151 ε

93 1171 176 1212 tiae
207 1170 412 1212 indicium
446 1173 572 1224 esset,
610 1185 696 1212 non
728 1170 958 1212 memoriae
989 1170 1154 1212 vitium.
1216 1169 1365 1225 Itaque
1397 1185 1449 1212 ex

94 1230 164 1283 iis,
209 1231 281 1284 qui
312 1230 499 1284 proximi
537 1230 800 1283 adstiterant‚
839 1229 1128 1271 obluctantem
1165 1230 1300 1271 adhuc
1344 1230 1449 1271 obli-

93 1290 210 1331 vioni
240 1289 398 1330 lanceis
430 1290 723 1331 confoderunt.

184 1348 313 1390 Cuius
345 1363 523 1403 corpore
550 1349 690 1390 ablato
712 1364 785 1390 rex
818 1349 1031 1390 introduci
1064 1349 1188 1390 iussit
1216 1351 1447 1402 Amyntam

38 1428 54 1452 2
94 1410 135 1449 et
168 1407 346 1449 Simian:
385 1423 483 1449 nam
514 1408 740 1455 Polemon,
772 1408 976 1449 minimus
1010 1423 1060 1449 ex
1091 1408 1314 1459 fratribus,
1353 1423 1449 1450 cum

94 1467 296 1509 Philotan
341 1469 531 1522 torqueri
576 1469 856 1521 conperisset,
906 1467 1166 1522 profugerat.
1248 1466 1448 1509 Omnium

94 1526 288 1568 Philotae
322 1527 553 1568 amicorum
584 1527 630 1568 hi
663 1527 872 1568 carissimi
904 1527 1090 1579 fuerant,
1129 1527 1181 1568 ad
1223 1542 1377 1582 magna
1410 1530 1450 1568 et

94 1586 302 1627 honorata
346 1586 583 1627 ministeria
621 1586 736 1628 illius
777 1586 959 1627 maxime
1004 1587 1309 1641 suffragatione
1357 1601 1451 1640 pro-

39 1665 70 1690 ρ·
95 1646 224 1698 ducti,
250 1647 581 1700 memineratque
607 1660 693 1699 rex,
725 1660 890 1687 summo
924 1645 1066 1687 studio
1100 1645 1150 1686 ab
1179 1660 1226 1686 eo
1255 1645 1449 1687 concilia-

192 1754 209 1784 1
237 1750 432 1785 Atarrhias
451 1752 597 1795 scripsi:
625 1750 818 1795 apharrias
840 1754 875 1793 P,
903 1750 1072 1784 affarrias
1094 1755 1126 1784 c.
1249 1751 1449 1794 Lyncestes

94 1798 317 1832 Frobem'us:
354 1797 528 1832 lincestes
561 1802 590 1831 A
623 1799 798 1844 [incestes
830 1798 883 1843 F].
1008 1803 1026 1832 2
1059 1798 1243 1844 Philotas]
1275 1797 1449 1842 phylotas

94 1848 202 1879 BLV,
278 1849 297 1880 3
326 1845 573 1891 exhiberetur]
596 1846 805 1880 exiberetur
823 1850 892 1879 LP.
969 1851 988 1879 5
1016 1845 1198 1891 Philippi]
1219 1845 1393 1890 phylippi
1413 1849 1448 1878 B.

99 1895 116 1925 Τ
151 1892 350 1939 supplicio]
387 1893 565 1938 supplitio
597 1897 640 1935 F,
678 1893 834 1937 suplicio
866 1897 902 1926 L.
1050 1897 1070 1927 S
1098 1893 1191 1927 Tum
1223 1896 1264 1926 P:
1301 1894 1390 1927 tunc
1417 1898 1448 1926 c.

99 1943 141 1973 10
168 1943 393 1984 suppuratus
415 1945 456 1974 P:
484 1942 678 1985 soporatus
700 1945 731 1974 c.
810 1945 851 1974 12
879 1941 1049 1975 custodia
1069 1940 1255 1986 educitur]
1283 1940 1450 1974 custodie

98 1987 246 2021 ducitur
270 1991 305 2021 P.
429 1988 671 2033 quamquam]
704 1999 892 2033 quaquam
919 1991 943 2021 B
970 2000 1014 2022 m.
1030 2000 1089 2032 pr.
1204 1991 1245 2021 13
1272 1988 1449 2033 triennio]

95 2034 249 2068 triennii
263 2038 298 2068 P.
376 2039 418 2069 14
438 2035 609 2081 prot-ulit]
632 2035 789 2080 pertulit
802 2040 837 2069 P.
916 2039 956 2069 16
979 2035 1166 2081 destituit]
1188 2035 1329 2069 destuit
1343 2039 1377 2068 P.

96 2082 201 2127 quin]
229 2082 292 2125 qui
312 2082 350 2116 in
370 2087 405 2116 P.
483 2087 524 2117 17
552 2083 749 2129 indicium]
770 2083 947 2117 inditium
968 2087 1004 2117 F.
1078 2083 1229 2128 vitium]
1250 2082 1389 2116 uicium
1410 2086 1448 2116 V.

99 2132 142 2163 18
169 2129 214 2163 iis
244 2130 474 2164 Vt'ndelz'nus:
496 2130 553 2164 his
568 2134 607 2164 A.
681 2131 840 2175 proximi
856 2135 894 2164 C:
915 2130 1082 2175 proxime
1096 2134 1133 2163 P.
1209 2130 1449 2176 adstiterant]

99 2176 322 2211 abstiterant
347 2181 382 2211 P.
512 2181 555 2212 20
593 2177 735 2223 ablato]
773 2178 898 2212 oblato
931 2182 969 2211 V.
1093 2178 1295 2223 introduci]
1332 2177 1450 2211 intru-

97 2224 184 2257 duci
204 2227 243 2257 V.
325 2225 540 2270 Amyntam]
569 2225 751 2259 amintam
777 2229 850 2259 LV.
935 2230 976 2259 21
1006 2225 1163 2259 Simian:
1191 2237 1277 2258 nam
1303 2227 1449 2268 scripsi:

98 2270 306 2305 simannam
332 2275 370 2306 A.
458 2276 501 2305 22
529 2272 718 2318 Philotan]
746 2272 929 2317 phylotan
954 2276 997 2314 Β,
1024 2272 1154 2307 filotan
1180 2276 1215 2306 L.
1295 2276 1338 2306 23
1366 2272 1451 2305 Phi-

97 2318 213 2364 lotae]
240 2318 417 2362 phylotae
437 2322 544 2353 BLV.
644 2323 687 2353 24
714 2320 939 2365 ministeria]
965 2320 1132 2354 misteria
1159 2324 1193 2353 P.
1295 2323 1337 2353 25
1366 2330 1452 2353 con-

99 2365 261 2411 ciliatos]
290 2366 505 2401 consiliatos
531 2371 566 2400 P.

1479 1360 1521 1389 10

1479 1479 1519 1508 11
