1610 2522
82 778 114 802 10

84 1075 114 1099 15

68 1121 115 1155 16

84 1373 118 1397 ‘20

87 1671 118 1695 25

408 111 732 145 HIS'1‘‹)RIARUM
765 110 1039 145 ALEXANDRJ
1069 111 1145 151 ΙΙῙῙ,
1174 115 1203 143 3.
1425 111 1480 150 53

133 221 314 263 donibus
349 221 390 261 in
418 221 504 262 salo
533 221 683 261 iactam
712 221 754 261 in
783 220 1019 261 silvestrem
1048 219 1203 261 saltum
1233 234 1322 260 esse
1351 221 1482 260 muta-

134 286 231 334 tam,
265 295 520 336 quamquam
554 283 701 321 auctor
733 280 838 321 levis
872 282 972 333 erat,
1006 284 1148 320 tamen
1188 279 1239 320 ad
1273 280 1483 320 deteriora

134 340 339 383 credenda
359 340 483 395 proni
505 343 620 381 metu
641 354 766 381 aurea
793 342 939 380 catena
962 339 1186 380 devinxere
1208 338 1480 380 simulacrum

134 415 312 455 araeque
344 399 555 453 Herculis,
597 400 717 440 cuius
750 399 915 440 numini
949 398 1096 440 urbem
1130 398 1384 450 dicaverant,
1424 398 1483 438 in-

135 474 300 502 seruere
338 459 551 500 vinculum
599 460 718 513 quasi
758 458 832 500 illo
866 458 942 499 deo
977 457 1220 512 Apollinem
1255 460 1483 503 retenturo.

135 518 353 574 Syracusis
382 519 423 560 id
453 518 725 560 simulacrum
746 518 1001 559 devexerant
1022 517 1153 558 Poeni
1187 521 1228 558 et
1255 517 1299 558 in
1325 517 1485 558 maiore

134 580 378 621 locaverant
404 578 542 632 patria
562 577 792 632 multisque
819 577 914 619 aliis
940 577 1087 632 spoliis
1109 577 1281 618 urbium
1309 591 1332 617 a
1353 580 1485 618 semet

135 642 352 693 captarum
386 653 472 679 non
506 636 806 692 Carthaginem
839 638 976 692 magis
1010 652 1137 691 quam
1171 637 1330 690 Tyrum
1365 651 1484 677 orna-

137 701 294 740 verant.
358 697 532 739 Sacrum
578 712 759 752 quoque,
803 697 916 751 quod
962 696 1156 750 equidem
1202 696 1266 737 dis
1310 695 1484 737 minime

135 758 251 800 cordi
304 772 391 798 esse
443 757 709 810 crediderim,
766 756 912 798 multis
964 756 1143 797 saeculis
1193 755 1483 797 intermissum

135 817 351 872 repetendi
396 819 590 857 auctores
635 817 807 870 quidam
852 819 988 869 erant,
1034 819 1080 857 ut
1124 815 1335 870 ingenuus
1380 830 1486 869 puer

135 877 318 919 Saturno
347 876 642 918 immolaretur
669 902 722 905 -
749 875 862 930 quod
890 875 1159 931 sacrilegium
1189 875 1327 916 verius
1359 890 1485 929 quam

136 952 301 978 sacrum
330 936 704 991 Carthaginienses
738 952 761 976 a
793 935 1086 977 conditoribus
1114 934 1318 975 traditum
1352 949 1486 988 usque

136 997 187 1038 ad
199 996 409 1038 excidium
426 996 544 1037 urbis
563 1010 662 1036 suae
677 996 827 1036 fecisse
843 995 1041 1036 dicuntur
1055 1019 1124 1047 ——,
1140 1009 1186 1035 ac
1201 994 1283 1035 nisi
1299 993 1486 1035 seniores

136 1056 416 1109 obstitissent,
449 1070 629 1110 quorum
663 1055 841 1096 consilio
876 1057 1027 1096 cuncta
1060 1054 1308 1109 agebantur,
1340 1053 1486 1094 huma-

136 1116 313 1157 nitatem
356 1116 446 1156 dira
489 1115 737 1170 superstitio
782 1114 965 1156 vicisset.
1037 1113 1231 1155 Ceterum
1274 1114 1488 1154 efficacior

137 1175 252 1217 omni
291 1177 379 1216 arte
418 1175 648 1216 necessitas
687 1190 774 1216 non
805 1174 963 1216 usitata
995 1174 1119 1215 modo
1154 1173 1376 1227 praesidia,
1416 1172 1487 1213 sed

138 1235 341 1289 quaedam
375 1235 504 1276 etiam
539 1249 647 1276 nova
674 1235 874 1276 admovit.
938 1233 1134 1287 Namque
1167 1233 1219 1274 ad
1246 1232 1488 1286 inplicanda

138 1295 318 1349 navigia,
353 1309 458 1348 quae
497 1309 642 1335 muros
676 1293 889 1347 subibant,
923 1293 1086 1334 validos
1120 1307 1281 1333 asseres
1313 1292 1488 1333 funibus

139 1354 440 1408 inligaverant,
479 1357 538 1407 ut,
577 1368 671 1394 cum
706 1357 920 1394 tormento
961 1367 1122 1394 asseres
1162 1352 1488 1406 promovissent,

139 1413 281 1455 subito
309 1413 462 1454 laxatis
482 1413 657 1455 funibus
678 1413 894 1454 inicerent.
957 1412 1067 1454 Unci
1095 1426 1263 1466 quoque
1290 1414 1332 1452 et
1357 1412 1487 1452 falces
1516 1431 1524 1438 ·
1543 1423 1555 1430 '

139 1489 187 1515 ex
221 1474 352 1515 isdem
389 1474 600 1515 asseribus
628 1472 911 1527 dependentes
945 1476 1018 1514 aut
1045 1473 1384 1526 propugnatores
1417 1474 1490 1511 aut

139 1534 230 1588 ipsa
272 1533 442 1588 navigia
483 1530 980 1589 lacerabantgguClipeos
1023 1546 1121 1572 vero
1168 1545 1311 1572 aereos
1354 1531 1488 1571 multo

139 1593 236 1648 igne
269 1592 501 1646 torrebant,
534 1607 640 1646 quos
679 1593 863 1646 repletos
896 1591 1058 1632 fervida
1085 1590 1242 1631 harena
1276 1604 1489 1644 caenoque

141 1652 315 1694 decocto
354 1666 375 1692 e
407 1653 539 1693 muris
580 1653 720 1693 subito
756 1651 1047 1693 devolvebant.
1110 1649 1199 1691 Nec
1237 1649 1326 1691 ulla
1356 1649 1489 1704 pestis

141 1712 277 1766 inagis
310 1711 556 1753 timebatur:
601 1712 757 1766 quippe
796 1711 870 1752 ubi
905 1712 1009 1751 inter
1039 1709 1216 1751 loricam
1252 1723 1490 1764 corpusque

140 1772 307 1812 fervens
334 1771 491 1813 harena
517 1774 823 1826 penetraverat,
855 1785 932 1811 nec
964 1769 1050 1810 ulla
1082 1770 1124 1810 vi
1157 1769 1297 1810 excuti
1324 1771 1492 1823 poterat

237 1906 253 1935 1
283 1901 434 1947 iactam]
456 1902 531 1935 iam
551 1903 627 1935 tam
645 1905 680 1934 P.
756 1904 775 1934 3
803 1899 1014 1945 devinxere]
1037 1897 1209 1932 deuixere
1230 1902 1266 1931 F.
1343 1902 1362 1931 6
1385 1888 1493 1941 S5ras-

142 1949 238 1984 cusis
270 1950 411 1983 Laeter:
445 1949 617 1982 siracusis
644 1952 682 1982 A.
830 1951 850 1981 8
877 1947 1155 1992 Carthaginem]
1196 1945 1424 1990 cartaginem
1451 1949 1489 1979 V.

144 2002 181 2031 11
218 1996 409 2041 repetendi
439 1997 596 2032 Gimzta:
630 1998 802 2041 repentes
829 1999 888 2028 PF
917 2008 958 2029 m.
975 2007 1052 2039 pr..
1085 1995 1294 2038 repetentes
1323 1997 1360 2033 G,
1387 2003 1491 2037 repe-

141 2047 222 2078 tens
249 2047 274 2077 B
301 2057 344 2078 m.
360 2056 419 2088 pr.
503 2049 543 2078 13
571 2042 913 2089 Carthaginienses]
941 2041 1251 2086 carthaginiensis
1272 2044 1345 2082 BL,
1373 2043 1492 2075 carta-

142 2091 320 2137 giniensis
347 2095 419 2125 FV.
544 2096 586 2126 14
613 2092 699 2137 nisi]
728 2091 759 2125 si
784 2095 809 2124 P
834 2103 878 2125 m.
895 2102 953 2134 pr.
1077 2089 1254 2134 seniores]
1283 2088 1442 2122 senieres
1468 2091 1493 2120 P

142 2152 186 2174 sm.
202 2151 260 2183 pr.
379 2144 420 2173 15
448 2138 696 2184 obstitissent]
724 2139 965 2173 obstetissent
990 2142 1024 2172 P.
1143 2136 1290 2181 cuncta]
1319 2137 1431 2170 cunta
1457 2139 1492 2169 L.

145 2191 186 2221 16
214 2187 399 2220 efficacior
425 2186 524 2221 omni
552 2191 582 2220 1:
617 2187 799 2220 efficatior
825 2186 924 2220 omni
952 2188 1024 2227 BF,
1049 2185 1122 2220 sed
1148 2195 1188 2218 or
1217 2184 1318 2218 omni
1343 2184 1384 2217 'in
1408 2194 1493 2224 ras,

143 2234 308 2268 effic-acio
345 2235 444 2268 omni
471 2238 509 2275 V,
544 2234 704 2268 effic-atio
740 2233 884 2268 romani
910 2237 968 2266 LP
999 2245 1044 2267 m.
1068 2245 1125 2276 pr.
1275 2234 1316 2264 19
1349 2230 1492 2264 validos

144 2292 282 2316 asseres
302 2281 454 2316 funibus
476 2282 632 2326 Icepius:
657 2281 792 2315 ualidis
813 2280 999 2316 asseribus
1023 2283 1061 2314 A.
1138 2283 1179 2313 21
1204 2278 1312 2324 Unci]
1334 2277 1433 2312 uncii
1454 2281 1491 2310 V.

144 2331 187 2362 23
214 2328 445 2375 lacerabant]
478 2329 700 2363 la**rabant
732 2333 766 2362 P.
865 2328 1037 2372 ‘Clipeos
1064 2331 1096 2361 1:
1131 2327 1280 2370 clypeos
1314 2329 1342 2359 A
1375 2325 1494 2371 [clyp-

143 2388 232 2421 peos
259 2377 315 2422 V]
415 2381 457 2411 26
487 2378 602 2412 inter
628 2378 712 2411 add.
735 2377 923 2411 Heinsius.

1511 292 1552 321 22

1512 708 1555 738 23

1515 1124 1558 1155 24
