1610 2522
70 301 113 332 86

70 659 112 689 36

148 62 227 102 ll?
642 67 682 104 Q.
711 63 851 97 UL'RTI
883 64 988 98 m'i‘i

141 172 227 212 lata
260 172 400 212 durat:
435 172 593 226 quippe
628 184 688 212 xx
715 174 837 225 peiles
877 173 949 214 lati
983 174 1164 228 parietes
1199 175 1410 216 sustinent
1451 187 1494 216 xl

142 230 297 285 pedum
333 231 555 272 intervallo
590 231 807 285 distantes,
839 237 885 274 ut
919 234 1068 287 procul
1095 233 1331 275 visentibus
1365 235 1495 276 silvae

142 290 359 331 montibus
388 290 475 331 suis
498 291 703 333 inminere
724 292 958 333 videantur.
1022 292 1170 346 Syriae
1194 308 1336 349 regem
1358 293 1495 347 Baby-

141 351 238 391 lone
289 355 536 403 regnantem
588 350 670 391 hoc
721 366 827 405 opus
879 366 970 393 esse
1022 353 1217 393 molitum
1268 354 1496 395 memoriae

142 409 359 463 proditum
393 414 475 461 est,
515 424 657 451 amore
697 411 890 466 coniugis
929 411 1108 463 victum,
1147 426 1253 466 quae
1287 412 1494 454 desiderio

140 483 363 509 nemorum
415 469 702 524 silvarumque
754 470 793 510 in
848 470 1156 524 campestribus
1207 472 1312 513 locis
1358 472 1493 513 virum

141 527 336 582 conpulit
386 529 687 570 amoenitatem
740 532 916 571 naturae
968 545 1120 585 genere
1178 531 1304 572 huius
1356 532 1495 585 operis

142 588 309 628 imitari.

230 646 402 688 Diutius
449 649 492 688 in
530 647 610 688 hac
649 647 751 689 urbe
791 663 917 701 quam
959 663 1137 702 usquam
1179 650 1371 690 constitit
1410 656 1538 703 rex,6

140 721 215 747 nec
249 707 332 747 alio
371 707 465 748 loco
493 707 743 761 disciplinae
776 709 952 749 militari
986 709 1123 763 magis
1155 709 1311 749 nocuit.
1374 708 1496 750 Nihil

142 766 258 807 urbis
291 767 380 807 eius
415 768 656 821 corruptius
690 767 900 821 moribus,
939 768 1048 808 nihil
1087 767 1139 808 ad
1171 767 1404 809 inritandas
1438 769 1495 810 in-

71 826 430 885 37-h'ciendasque
458 826 691 868 inmodicas
713 827 968 881 cupiditates
996 828 1255 868 instructius.
1320 827 1496 869 Liberos

69 1137 112 1169 38

67 1495 112 1525 39

141 886 428 939 coniugesque
457 900 551 927 cum
572 885 816 940 hospitibus
838 891 986 941 stupro
1014 887 1138 939 coire,
1164 886 1291 928 modo
1312 888 1494 941 pretium

140 945 293 999 flagitii
321 945 454 998 detur,
482 950 677 999 parentes
699 946 926 999 maritique
947 947 1178 1001 patiuntur.
1245 945 1496 988 Convivales

139 1005 230 1046 ludi
281 1007 371 1045 tota
412 1004 584 1047 Perside
628 1005 802 1061 regibus
851 1006 1182 1060 purpuratisque
1227 1005 1344 1047 cordi
1385 1009 1497 1059 sunt⁷

140 1063 371 1118 Babylonii
411 1064 596 1106 maxime
635 1066 679 1106 in
717 1066 864 1106 vinum
904 1069 962 1118 et,
1002 1079 1109 1119 quae
1149 1065 1396 1107 ebrietatem
1437 1080 1497 1107 se-

141 1127 342 1177 quuntur,
369 1124 491 1165 effusi
513 1127 621 1165 sunt.
673 1123 946 1166 Feminarum
969 1125 1164 1166 convivia
1187 1125 1426 1166 ineuntium
1454 1125 1497 1166 in

139 1183 353 1238 principio
388 1183 604 1225 modestus
644 1187 708 1225 est
739 1183 931 1237 habitus,
971 1184 1069 1225 dein
1106 1199 1272 1225 summa
1305 1198 1496 1238 quaeque

140 1243 323 1284 amicula
369 1246 530 1284 exuunt
574 1244 866 1298 paulatimque
911 1244 1117 1298 pudorem
1161 1243 1401 1297 profanant,
1445 1243 1497 1284 ad

140 1301 339 1343 ultimum
363 1328 416 1331 —
439 1303 576 1344 honos
604 1303 776 1344 auribus
803 1303 975 1344 habitus
1003 1303 1060 1345 sit
1080 1328 1133 1331 —
1158 1304 1242 1343 ima
1268 1316 1492 1357 corporum
1517 1323 1530 1345 ε

140 1363 379 1403 velamenta
424 1363 649 1417 proiciunt.
725 1362 815 1404 Nec
861 1363 1131 1404 meretricum
1184 1362 1265 1403 hoc
1315 1362 1494 1404 dedecus

140 1425 216 1474 est,
249 1422 322 1463 sed
355 1425 645 1463 matronarum
679 1423 992 1477 virginumque,
1035 1421 1147 1476 apud
1180 1436 1284 1475 quas
1318 1422 1496 1463 comitas

140 1481 321 1522 habetur
364 1481 529 1537 vulgati
575 1482 765 1535 corporis
810 1482 965 1523 vilitas.
1027 1479 1144 1522 Inter
1188 1480 1289 1523 haec
1335 1480 1496 1537 flagitia

140 1542 350 1582 exercitus
386 1541 456 1582 ille
489 1541 676 1582 domitor
700 1541 828 1582 Asiae
861 1555 937 1596 per
962 1552 1129 1581 XXXIHI
1162 1540 1250 1582 dies
1277 1541 1495 1596 saginatus

1520 727 1551 751 10

1518 1023 1550 1049 15

139 1600 190 1641 ad
217 1615 277 1653 ea,
305 1615 412 1654 quae
440 1601 738 1654 sequebantur,
767 1601 1012 1642 discrimina
1034 1599 1148 1641 haud
1169 1599 1295 1641 dubie
1317 1599 1496 1641 debilior
1517 1617 1550 1642 25

139 1660 309 1701 futurus
343 1660 435 1712 fuit,
469 1661 503 1701 si
537 1660 702 1701 hostem
738 1660 968 1701 habuisset.

237 1853 252 1882 1
288 1861 335 1882 xx
365 1849 502 1892 pedes
541 1849 714 1883 Mueller:
760 1861 807 1882 xx
837 1852 875 1882 Δ.
1023 1847 1201 1893 parietes]
1245 1847 1430 1891 parietem
1460 1850 1495 1880 P.

139 1900 158 1930 5:
187 1896 386 1942 distantes]
415 1896 604 1930 destantes
630 1900 656 1929 P
681 1908 725 1930 m.
742 1907 800 1940 pr.
877 1899 896 1929 3
925 1895 1070 1941 Syriae]
1097 1895 1207 1929 siriae
1232 1897 1302 1927 ΕΙ..
1378 1893 1497 1938 Baby-

139 1943 239 1990 lone]
273 1943 449 1979 babilone
482 1947 525 1985 1²,
558 1942 760 1988 babyllone
785 1947 824 1978 V.
972 1948 992 1977 5
1020 1942 1204 1988 coniugis]
1239 1941 1434 1986 coniungis
1459 1945 1495 1975 P.

141 1995 158 2024 7
196 1991 347 2037 genere]
384 2002 470 2037 gere
497 1995 526 2024 V
558 2003 598 2025 m.
626 2003 684 2036 pr.
831 1990 941 2025 huius
977 1990 1116 2036 operis]
1159 1989 1280 2034 operis
1316 1989 1425 2023 huius
1457 1992 1496 2022 V.

142 2044 183 2072 1⁴»
221 2038 340 2085 Nihil]
376 2038 493 2073 nichil
527 2042 567 2072 V.
717 2043 758 2072 12
795 2038 1028 2083 instructius]
1073 2037 1271 2071 intructius
1307 2040 1332 2069 P
1369 2049 1411 2071 m.
1438 2049 1496 2081 pr.

142 2091 182 2119 13
222 2087 398 2131 pretium]
444 2087 634 2131 praecium
669 2090 742 2120 PV.
891 2090 933 2120 14
969 2085 1179 2130 patiuntur]
1225 2084 1426 2128 paciuntur
1460 2087 1495 2117 P.

142 2138 182 2168 16
210 2134 426 2180 Babylonii]
454 2134 635 2169 babilonii
662 2137 699 2175 P,
727 2133 934 2177 babyllonii
959 2137 998 2167 V.
1115 2132 1351 2177 ebrietatem]
1379 2131 1498 2166 aebri-

138 2184 252 2216 tatem
274 2185 310 2215 P.
413 2186 453 2216 17
482 2181 707 2227 ineuntium]
735 2181 948 2215 ineuncium
968 2184 1003 2214 P.
1105 2183 1148 2213 20
1175 2180 1290 2213 honos
1317 2182 1350 2212 1:
1378 2179 1497 2213 honus

136 2233 162 2263 P
184 2243 225 2263 m.
241 2241 315 2274 Ρη,
341 2241 432 2264 onus
453 2234 485 2264 c.
561 2230 635 2263 ima
661 2233 693 2263 1:
721 2240 795 2263 una
815 2231 853 2262 A.
935 2231 978 2262 22
1004 2228 1263 2273 virginumque
1288 2227 1498 2262 :Barthm6:

138 2277 374 2320 uirorumque
408 2281 446 2310 A.
570 2277 686 2323 apud]
713 2279 804 2321 aput
823 2280 859 2310 P.
982 2287 1073 2320 quas
1101 2275 1279 2310 Bar-thius
1333 2286 1426 2318 quos
1455 2277 1496 2309 Δ.

139 2328 182 2358 24
211 2325 386 2370 domitor]
416 2325 629 2359 dominator
654 2328 679 2358 P
702 2337 743 2358 m.
761 2336 818 2368 pr.
