1610 2522
12 449 35 484 [ὓ

47 524 61 548 σ.
40 449 61 484 Ιῧ

30 762 62 785 10

357 98 689 134 HISTORIARIM
718 99 1000 135 ALEXANDRI
1027 101 1105 144 VII,
1132 114 1162 135 v
1353 101 1438 143 223

82 208 238 249 mentis
279 208 458 249 refertos
506 208 668 250 dividit.
744 207 824 250 His
869 209 1120 251 incubantes
1166 213 1438 251 transnavere
1468 222 1509 252 18

83 281 262 322 amnem,
289 267 447 322 quique
467 268 593 322 primi
622 268 888 321 transierant,
909 269 953 309 in
974 270 1157 310 statione
1184 272 1315 323 erant,
1338 270 1437 310 dum

82 327 310 368 traicerent
343 328 482 369 ceteri.
526 326 621 369 Hoc
655 327 780 369 modo
814 331 932 369 sexto
955 328 1122 369 demum
1158 328 1224 369 die
1258 329 1300 370 in
1334 329 1437 370 ulte-

83 386 194 427 riore
226 387 318 440 ripa
350 389 489 427 totum
522 386 756 429 exercitum
789 387 998 441 exposuit.

172 444 345 499 Iamque
384 445 436 485 ad
479 447 816 499 persequendum
861 446 1039 487 Bessum
1086 449 1293 488 statuerat
1343 462 1439 501 pro-
1467 459 1508 489 19

84 504 214 559 gredi,
246 518 340 545 cum
375 520 434 558 ea,
467 519 574 559 quae
607 506 651 546 in
683 504 909 560 Sogdianis
941 509 1164 561 evenerant,
1204 507 1437 562 cognoscit.

85 562 349 617 Spitamenes
382 567 471 604 erat
503 565 614 606 inter
646 579 791 607 omnes
824 565 983 607 amicos
1015 567 1244 622 praecipuo
1277 566 1438 608 honore

83 622 223 664 cultus
250 638 273 664 a
293 622 439 677 Besso,
472 623 544 664 sed
576 624 707 665 nullis
739 625 904 666 meritis
936 625 1115 679 perfidia
1148 626 1335 681 mitigari
1367 640 1435 680 po-

83 685 182 722 test:
216 697 322 736 quae
355 685 498 724 tamen
530 683 614 724 iam
642 684 781 724 minus
815 684 858 724 in
891 699 940 725 eo
967 684 1104 726 invisa
1137 700 1227 726 esse
1259 687 1438 739 poterat,
1467 696 1510 727 20

84 742 184 795 quia
208 741 318 783 nihil
349 742 427 783 ulli
453 742 665 783 nefastum
700 743 743 783 in
764 743 955 797 Bessum,
988 743 1305 785 interfectorem
1325 745 1438 801 regis

84 801 161 854 sui,
193 801 428 843 videbatur.
467 801 637 843 Titulus
663 802 842 843 facinori
870 804 1088 858 speciosus
1110 803 1438 857 praeferebatur,

82 859 270 901 vindicta
301 860 442 914 Darei,
474 861 546 902 sed
578 862 808 915 fortunam,
839 877 925 903 non
958 862 1093 904 scelus
1128 863 1274 904 oderat
1306 864 1437 904 Bessi.

82 918 277 974 Namque
315 922 363 960 ut
404 919 692 962 Alexandrum
730 921 891 963 fiumen
929 920 1067 964 Oxum
1114 937 1333 976 superasse
1374 937 1437 975 co-
1465 934 1506 964 21

83 979 252 1032 gnovit,
306 979 623 1033 Dataphernem
674 983 715 1022 et
767 979 972 1035 Catanen,
1025 982 1179 1035 quibus
1229 998 1254 1023 a
1306 982 1437 1023 Besso

48 1058 62 1081 5
85 1038 268 1078 maxima
308 1038 412 1080 fides
450 1039 706 1093 habebatur,
753 1040 797 1080 in
835 1041 1084 1082 societatem
1124 1041 1335 1097 cogitatae
1378 1042 1436 1082 rei

84 1096 291 1139 adsciscit.
354 1097 422 1139 Illi
465 1099 707 1153 promptius
747 1099 956 1154 adnuunt,
999 1115 1125 1154 quam
1164 1101 1438 1157 rogabantur,

83 1156 404 1211 adsumptisque
442 1169 524 1198 VIII
568 1158 816 1200 fortissimis
861 1159 1083 1201 iuvenibus
1122 1159 1249 1201 talem
1293 1161 1437 1202 dolum

84 1216 320 1257 intendunt.
385 1215 650 1271 Spitamenes
691 1219 833 1273 pergit
875 1219 927 1260 ad.
964 1218 1142 1261 Bessum
1184 1222 1226 1260 et
1263 1221 1438 1261 remotis
1466 1231 1508 1260 22

84 1275 254 1316 arbitris
288 1277 530 1331 conperisse
563 1278 623 1318 ait
661 1292 722 1331 se,
766 1278 957 1319 insidiari
991 1278 1028 1319 ei
1062 1278 1366 1333 Dataphernen
1398 1282 1438 1320 et

31 1356 45 1379 ρ
85 1332 285 1389 Catanen,
322 1338 371 1376 ut
411 1335 555 1377 vivum
594 1336 839 1378 Alexandro
872 1338 1105 1393 traderent,
1146 1338 1381 1394 agitantes:
1415 1354 1438 1380 a

85 1397 215 1435 semet
248 1398 477 1449 occupatos
510 1409 599 1436 esse
637 1400 675 1437 et
716 1397 883 1438 vinctos
920 1398 1064 1438 teneri.
1127 1397 1284 1439 Bessus
1317 1401 1436 1439 tanto
1464 1409 1509 1439 23

84 1453 248 1507 merito,
280 1457 329 1494 ut
360 1454 569 1508 credebat,
602 1455 816 1511 obligatus
838 1457 994 1510 partim
1021 1457 1180 1511 gratias
1213 1458 1314 1512 agit,
1346 1473 1438 1511 par-

86 1512 163 1553 tim
197 1512 346 1553 avidus
388 1514 612 1568 expetendi
652 1515 852 1569 supplicii
888 1516 1037 1556 adduci
1072 1530 1143 1557 eos
1175 1516 1304 1557 iubet.
1368 1516 1438 1558 Illi
1464 1528 1509 1558 ⁴24

85 1572 280 1613 manibus
323 1586 399 1614 sua
443 1576 594 1626 sponte
637 1575 828 1630 religatis
874 1590 896 1615 a
946 1575 1225 1629 participibus
1271 1576 1438 1618 consilii

32 1652 60 1675 ε-
85 1630 378 1673 trahebantur:
420 1647 526 1686 quos
558 1633 715 1674 Bessus
757 1634 865 1675 truci
898 1634 1019 1675 vultu
1059 1635 1228 1676 intuens
1268 1650 1437 1677 consur-

85 1689 147 1745 git
179 1690 375 1732 manibus
406 1705 493 1732 non
524 1694 849 1746 temperaturus.
892 1692 1037 1748 Atque
1070 1694 1133 1735 illi
1167 1695 1437 1737 simulatione

85 1749 243 1790 omissa
277 1750 593 1792 circumsistunt
627 1766 721 1792 eum
756 1755 796 1793 et
823 1753 981 1794 frustra
1014 1756 1322 1808 repugnantem
1348 1754 1436 1795 vin-

181 1882 199 1911 2
228 1879 390 1924 amnem]
424 1890 569 1913 ammen
601 1883 635 1913 1³.
784 1884 802 1914 6
831 1880 1029 1926 Sogdianis
1056 1883 1343 1918 Freinshemius:
1378 1895 1436 1916 su-

85 1926 197 1959 sianis
224 1929 262 1960 A.
350 1929 564 1961 evenerant
588 1929 733 1972 scripsi:
763 1930 868 1962 erant
894 1932 932 1963 A.
1022 1933 1039 1963 7
1066 1930 1267 1974 praecipuo
1293 1933 1318 1963 B
1346 1941 1434 1965 corr.

83 1977 109 2006 L
135 1984 224 2008 corr.
239 1977 267 2006 V
282 1985 389 2008 com-,z
411 1974 611 2019 praecipue
625 1978 662 2008 A.
739 1979 758 2009 9
778 1977 920 2022 tamen]
934 1978 1059 2011 tamen
1074 1977 1241 2022 mitigari
1262 1980 1385 2022 potest
1396 1981 1436 2012 V.

87 2023 129 2054 10
155 2021 258 2066 quia]
292 2022 355 2064 qui
381 2025 406 2054 P
435 2034 476 2056 m.
501 2034 556 2065 pr.
703 2022 787 2068 ulli]
820 2023 899 2057 ulla
923 2028 949 2057 P
970 2036 1012 2058 m.
1029 2037 1088 2069 pr.
1237 2026 1335 2070 regis
1362 2025 1435 2071 sui]

83 2068 222 2112 regisui
247 2072 283 2101 P.
396 2074 436 2103 11
464 2069 620 2103 facinori
646 2071 856 2105 Acidalz'us:
883 2071 1059 2106 facinoris
1086 2075 1124 2106 A.
1239 2076 1279 2106 1‘2
1307 2074 1437 2107 oderat

85 2116 295 2150 Acidalia&
319 2116 474 2150 oderant
489 2120 521 2157 C,
543 2117 679 2151 oderan
700 2121 736 2152 P.
814 2122 856 2152 14
877 2118 1156 2163 Dataphernem
1171 2121 1306 2155 Aldus:
1330 2121 1434 2154 data-

84 2162 263 2205 pharnem
280 2166 308 2195 A
323 2163 573 2208 [datafarnem
588 2165 641 2209 L].
710 2164 874 2199 Catanen
890 2167 1089 2201 Kinchz'ns:
1113 2170 1269 2201 catenen
1286 2172 1322 2210 P,
1338 2171 1436 2201 cate-

85 2220 168 2243 nem
183 2214 214 2243 C.
287 2214 328 2243 16
349 2211 541 2256 adsciscit]
562 2211 734 2246 adscissit
747 2217 771 2245 L
786 2225 898 2258 m.pr.
915 2217 951 2255 P,
973 2214 1145 2257 abscissit
1158 2218 1197 2249 V.
1267 2215 1437 2249 adnuunt

85 2257 244 2300 Ieepizts:
261 2257 451 2292 adduntA.
504 2262 546 2292 19
562 2258 840 2306 Dataphernen]
855 2261 1110 2295 datafarnenc
1122 2261 1433 2308 [datafarnemF].

86 2307 129 2337 20
157 2303 321 2338 Catanen
346 2306 544 2340 Ka’nclzz'us:
576 2308 732 2340 catenen
754 2311 792 2341 A.
876 2312 916 2342 21
948 2314 986 2343 et
1010 2309 1153 2343 vinctos
1167 2313 1199 2342 1:
1229 2309 1372 2343 uinctos
1395 2313 1433 2343 A.

86 2355 129 2385 23
157 2352 353 2395 expetendi
388 2353 510 2397 Vogel:
539 2352 712 2397 explendi
738 2358 777 2388 A.
876 2359 920 2388 24
948 2355 1109 2402 consilii]
1137 2356 1294 2391 consulii
1321 2361 1356 2391 P.
