1610 2522
26 742 58 765 10

27 1038 58 1062 15

27 1632 59 1656 25

10 1677 58 1712 es

348 79 678 113 HISToRIARUM
708 78 987 113 ALEXANDRI
1015 79 1072 123 ΙΙΙ,
1103 83 1154 112 11.
1371 79 1425 119 29

80 188 271 239 Sabaces,
304 192 472 243 praetor
499 188 698 243 Aegypti,
731 203 982 244 magnorum
1017 190 1279 230 exercituum
1313 203 1426 242 prae-

78 250 190 302 fecti,
222 248 559 289 noscitabantur:
599 249 708 289 circa
747 262 818 289 eos
857 249 1071 289 cumulata
1109 251 1197 289 erat
1236 247 1427 302 peditum

79 309 353 362 equitumque
381 308 603 349 obscurior
633 308 768 349 turba.
832 307 1112 348 Macedonum
1141 322 1309 362 quoque
1342 322 1426 348 non

80 368 249 421 quidem
276 367 413 422 multi,
441 367 511 408 sed
538 368 846 421 promptissimi
868 369 1010 408 tamen
1040 367 1148 408 caesi
1175 370 1290 408 sunt:
1318 366 1429 407 inter

80 441 185 481 quos
226 427 457 467 Alexandri
500 426 691 467 dextrum
734 427 872 467 femur
910 426 1058 467 leviter
1099 441 1298 467 mucrone
1338 441 1429 480 per-

79 486 273 528 strictum
302 490 375 527 est.
434 485 619 540 lamque,
646 487 718 540 qui
745 485 929 526 Dareum
958 486 1167 527 vehebant
1194 487 1303 540 equi,
1334 500 1426 526 con-

80 547 181 587 fossi
215 545 347 586 hastis
381 550 422 586 et
455 545 599 586 dolore
632 546 791 586 efferati
826 547 970 600 iugum
1007 549 1179 599 quatere
1212 550 1253 586 et
1287 560 1425 600 regem

79 620 202 646 curru
246 608 440 646 excutere
483 608 724 659 coeperant,
758 620 851 646 cum
894 605 963 646 ille
1005 605 1182 657 veritus,
1225 620 1276 645 ne
1308 606 1428 645 vivus

80 666 242 706 veniret
270 665 313 705 in
340 664 526 706 hostium
554 667 822 719 potestatem,
850 664 991 705 desilit
1017 667 1059 705 et
1085 665 1128 705 in
1155 680 1323 719 equum,
1356 664 1427 717 qui

79 725 131 765 ad
162 724 240 764 hoc
269 725 409 778 ipsum
437 725 704 778 sequebatur,
737 724 958 778 inponitur
984 724 1225 779 insignibus
1259 738 1428 778 quoque

80 784 266 838 imperii,
304 799 355 825 ne
387 783 531 839 fugam
566 784 809 838 proderent,
841 784 1038 824 indecore
1071 783 1258 825 abiectis.
1321 782 1428 824 Tum

78 858 177 885 vero
211 844 339 884 ceteri
372 843 630 897 dissipantur
662 847 778 884 metu
811 847 864 896 et,
899 858 982 897 qua
1015 844 1167 897 cuique
1200 843 1249 883 ad
1282 843 1427 898 fugam

78 903 250 957 patebat
283 904 360 953 via,
393 905 619 957 erumpunt
646 918 762 944 arma
787 903 999 955 iacientes,
1033 918 1139 957 quae
1173 903 1298 956 paulo
1333 906 1429 943 ante

78 963 130 1002 ad
169 961 345 1003 tutelam
389 976 614 1016 corporum
657 965 941 1016 sumpserant:
983 963 1085 1003 adeo
1129 976 1261 1016 pavor
1301 962 1426 1003 etiam

80 1022 236 1062 auxilia
267 1022 477 1063 formidat.
534 1021 727 1063 Instabat
753 1021 1017 1078 fugientibus
1051 1036 1180 1075 eques
1215 1037 1236 1061 a
1262 1020 1428 1062 Parme-

78 1082 205 1122 nione
231 1081 421 1135 emissus,
454 1084 495 1122 et
520 1081 632 1123 forte
659 1082 703 1122 in
729 1081 834 1122 illud
862 1096 993 1124 cornu
1037 1095 1182 1122 omnes
1203 1081 1305 1136 fuga
1337 1081 1428 1122 abs-

78 1140 244 1182 tulerat.
308 1142 366 1182 At
404 1141 448 1181 in
481 1141 627 1182 dextro
661 1140 812 1182 Persae
846 1141 1072 1182 Thessalos
1111 1141 1275 1195 equites
1309 1141 1429 1181 vehe-

79 1203 241 1241 menter
273 1201 498 1256 urgebant,
537 1201 705 1255 iamque
737 1216 821 1242 una
853 1200 920 1242 ala
958 1201 1051 1254 ipso
1085 1200 1232 1254 inpetu
1264 1200 1429 1255 procul-

80 1262 170 1300 cata
221 1263 327 1313 erat,
384 1274 477 1301 cum
522 1259 714 1301 Thessali
765 1264 933 1302 strenue
990 1260 1254 1301 circumactis
1311 1260 1429 1313 equis

26 1336 40 1359 ⁵.»
80 1319 232 1373 dilapsi
259 1334 404 1361 rursus
433 1320 475 1360 in
501 1319 710 1373 proelium
739 1320 914 1361 redeunt
941 1334 1192 1374 sparsosque
1220 1323 1260 1360 et
1287 1319 1430 1360 incon-

79 1379 240 1433 positos
267 1379 469 1421 victoriae
496 1380 649 1420 fiducia
677 1379 879 1421 barbaros
906 1379 1072 1435 ingenti
1099 1379 1222 1420 caede
1248 1382 1429 1433 proster—

79 1441 197 1479 nunt.
260 1438 373 1492 Equi
405 1440 564 1493 pariter
597 1438 844 1493 equitesque
877 1438 1100 1480 Persarum
1134 1439 1239 1480 serie
1272 1438 1429 1479 lamna-

79 1513 171 1538 rum
206 1497 353 1551 obsiti,
386 1513 518 1554 genus
551 1513 678 1554 grave
711 1500 916 1554 tegmine,
952 1499 1066 1553 quod
1098 1499 1313 1540 celeritate
1344 1513 1429 1538 ma—

80 1558 192 1598 xime
231 1560 414 1611 constat,
457 1573 580 1614 aegre
627 1558 927 1599 moliebantur:
971 1559 1127 1613 quippe
1170 1558 1211 1599 in
1255 1560 1430 1600 circum-

81 1616 254 1669 agendis
289 1617 407 1670 equis
441 1617 537 1658 illos
570 1617 762 1659 Thessali
794 1618 921 1659 'multi
954 1620 1274 1672 occupaverant.

169 1674 262 1718 Hac
294 1678 381 1716 tam
416 1691 618 1731 prospera
656 1692 801 1732 pugna
832 1677 1027 1718 nuntiata
1059 1677 1311 1731 Alexander,
1344 1692 1428 1718 non

80 1738 176 1775 ante
209 1750 336 1776 ausus
369 1737 564 1790 persequi
590 1736 805 1790 barbaros,
836 1739 1050 1791 utrimque
1083 1737 1166 1778 iam
1198 1737 1337 1778 victor
1368 1738 1428 1777 in-

81 1797 190 1836 stare
222 1795 487 1850 fugientibus
526 1796 676 1850 coepit.
740 1795 866 1837 Haud
904 1797 1086 1851 amplius
1126 1810 1268 1850 regem
1302 1810 1429 1850 quam

80 1853 197 1895 mille
229 1854 392 1908 equites
426 1855 729 1909 sequebantur,
769 1870 862 1896 cum
903 1856 1052 1911 ingens
1094 1856 1322 1896 multitudo
1356 1855 1429 1896 ho-

27 1929 41 1952 3
81 1914 209 1954 stium
243 1914 423 1955 cederet:
466 1914 537 1955 sed
576 1914 670 1968 quis
712 1917 784 1956 aut
827 1915 869 1955 in
912 1915 1089 1956 victoria
1130 1918 1203 1955 aut
1243 1916 1287 1956 in
1328 1915 1428 1969 fuga

177 2058 191 2086 1
232 2054 390 2088 Sabaces
424 2055 558 2089 Aldus:
601 2057 741 2089 sataces
774 2059 812 2088 A.
959 2056 1138 2100 Aegypti}
1181 2056 1323 2100 aegipti
1358 2060 1425 2089 FP.

81 2105 100 2134 5
127 2101 379 2147 perstrictum]
406 2102 668 2146 perstri*ctum
687 2107 722 2137 P.
824 2108 863 2137 11
893 2103 1107 2148 proderent]
1129 2104 1371 2146 procederent
1391 2107 1425 2138 P.

83 2152 123 2181 12
152 2160 223 2192 qua
249 2153 281 2182 1:
310 2160 404 2193 quae
431 2153 469 2183 A.
576 2153 618 2183 13
645 2150 838 2195 iacientes]
865 2150 1035 2184 iacientis
1064 2155 1095 2184 C.
1203 2155 1243 2185 17
1272 2150 1427 2184 Thessa-

82 2196 150 2241 los]
178 2196 334 2230 tessalus
363 2201 395 2236 C,
422 2197 606 2230 tessaluus
632 2201 657 2230 P
682 2210 726 2232 m.
745 2210 800 2241 pr.
919 2202 961 2232 18
989 2197 1064 2243 ala]
1092 2198 1179 2232 hala
1204 2203 1245 2240 P,
1280 2198 1364 2232 *ala
1390 2202 1424 2231 Ι..

81 2247 124 2276 ‘33
152 2243 264 2277 obsiti
291 2246 448 2289 Ieepizcs:
476 2245 521 2278 ob
549 2245 587 2277 id
613 2248 652 2279 A.
786 2256 898 2289 grave
924 2246 1086 2289 tegmine
1113 2247 1258 2290 scripsi:
1294 2256 1426 2290 graues

81 2301 213 2335 agmen
240 2294 278 2325 A.
378 2296 420 2325 25
448 2291 531 2326 illos
558 2293 702 2337 scripsi:
731 2292 805 2326 suis
833 2296 872 2326 A.
971 2297 1014 2326 30
1042 2293 1190 2327 cederet
1215 2294 1425 2327 Aciclalius:

82 2339 231 2372 caderet
257 2342 294 2371 A.
394 2340 476 2383 quis
503 2340 582 2385 aut]
610 2340 691 2382 quis
718 2339 809 2373 haut
834 2344 869 2374 P.
968 2340 1073 2386 fuga]
1101 2341 1227 2384 fugam
1256 2344 1289 2374 P.

1458 498 1496 526 11

1459 1032 1500 1062 13

1459 1211 1500 1241 14

1459 1450 1500 1479 15

1458 1688 1498 1717 16

1458 1866 1499 1896 17
