1610 2522
343 104 674 139 HisToRiARIJM
703 104 982 138 ALEXANDRI
1010 104 1069 145 VI,
1098 109 1128 137 7.
1151 107 1181 137 8.
1360 103 1442 144 179

88 230 213 269 quam
260 229 392 268 usque
438 214 486 254 ad
533 214 683 254 mortis
724 217 878 254 metum
921 213 1150 254 adductum
1192 212 1359 267 saepius
1393 212 1443 252 de

89 274 276 329 periculo
305 289 380 315 suo
410 288 535 327 quam
564 273 613 313 de
641 276 714 313 tuo
743 272 931 327 cogitare
958 272 1175 314 beneficio.
1228 270 1304 313 Ille
1331 272 1443 312 enim

89 349 254 388 semper
293 333 482 374 insidiari
523 333 599 373 tibi
638 332 814 386 poterit,
853 335 897 372 tu
932 346 1017 372 11011
1052 346 1216 385 semper
1250 330 1444 371 Philotae

89 393 250 447 poteris
283 393 513 447 ignoscere.
576 391 665 432 Nec
700 394 780 444 est,
826 392 936 445 quod
973 391 1189 432 existimes
1223 405 1336 435 eum,
1371 390 1443 444 qui

53 473 68 495 ς,
89 457 254 493 tantum
288 467 413 493 ausus
449 454 528 498 est,
570 452 691 492 venia
725 465 849 504 posse
884 450 1050 492 mutari.
1115 449 1204 491 Scit
1237 464 1325 499 905,
1372 450 1445 503 qui

91 511 420 553 misericordiam
480 513 853 564 consumpserunt,
903 510 1087 564 amplius
1139 524 1308 563 sperare
1360 523 1444 549 non

90 585 224 625 posse.
287 570 345 611 At
383 585 481 625 ego,
526 571 653 610 etiam
693 570 726 610 si
761 570 850 623 ipse
884 569 951 610 vel
983 569 1246 623 paenitentia
1278 569 1344 609 vel
1378 568 1445 609 be—

88 631 240 672 neficio
285 633 358 671 tuo
401 630 539 670 victus
585 629 798 682 quiescere
843 629 974 682 volet,
1020 631 1183 682 patrem
1227 628 1316 669 eius
1349 627 1445 668 Par-

91 691 348 742 menionem,
392 689 501 729 tanti
547 689 695 729 ducem
742 689 949 729 exercitus
988 691 1029 729 et
1069 688 1302 728 inveterata
1336 687 1445 741 apud

38 769 69 792 ιο
90 748 247 790 milites
287 763 386 789 suos
425 749 676 788 auctoritate
716 747 829 788 haud
868 749 1048 788 multum
1092 747 1202 788 infra
1234 747 1447 801 magnitu-

91 808 201 849 ‹linis
241 812 337 849 tuae
376 807 597 862 fastigium
636 808 842 861 positum,
888 808 975 849 scio
1019 822 1102 847 non
1137 821 1271 860 aequo
1305 806 1446 846 animo

92 869 270 908 salutem
311 867 390 908 filii
430 867 496 908 sui
534 866 776 907 debiturum
818 866 908 907 tibi.
984 865 1197 915 Quaedam
1241 865 1491 907 beneficia2

93 927 268 968 odimus.
345 926 552 967 Meruisse
596 929 777 967 mortem
817 926 1008 967 confiteri
1049 925 1197 980 pudet:
1244 927 1447 978 superest,

92 991 137 1026 ut
164 986 287 1026 malit
307 985 440 1027 videri
462 985 661 1026 iniuriam
683 986 895 1039 accepisse
916 1000 1043 1039 quam
1065 985 1207 1026 vitam.
1266 983 1448 1024 Proinde

41 1064 71 1088 15
93 1045 201 1086 scito
240 1045 320 1086 tibi
362 1059 455 1085 cum
490 1045 573 1086 illis
608 1045 657 1085 de
690 1045 826 1085 salute
859 1059 949 1085 esse
982 1044 1269 1099 pugnandum.
1334 1042 1447 1084 Satis

92 1105 283 1146 hostium
324 1108 533 1158 superest,
577 1104 629 1144 acl
663 1118 769 1157 quos
801 1103 1115 1158 persequendos
1149 1103 1250 1144 ituri
1284 1117 1448 1143 sumus:

92 1164 204 1205 latus
247 1178 271 1203 a
303 1163 547 1204 domesticis
581 1163 776 1204 hostibus
810 1164 938 1204 muni.
1003 1162 1094 1204 Hos
1127 1164 1162 1203 si
1196 1176 1450 1215 summoves,

23 1228 72 1261 30
94 1223 201 1264 nihil
239 1226 381 1264 metuo
422 1223 473 1263 ab
513 1222 715 1264 externo.’
778 1222 892 1264 Haec
928 1222 1136 1263 Craterus.
1199 1221 1288 1263 Nee
1322 1222 1448 1262 ceteri

93 1282 364 1336 dubitabant,
409 1283 512 1336 quin
553 1283 859 1323 coniurationis
899 1282 1100 1323 indicium
1145 1294 1449 1336 suppressums

40 1360 73 1383 20
93 1356 178 1382 non
206 1342 359 1382 fuisset
384 1341 468 1382 nisi
495 1344 642 1382 auctor
669 1344 741 1382 aut
762 1343 984 1395 particeps.
1037 1341 1169 1390 Quem
1192 1341 1303 1381 enim
1331 1340 1447 1394 pium

94 1404 136 1442 et
178 1401 314 1442 bonae
358 1401 532 1454 mentis,
576 1416 663 1441 non
701 1401 883 1441 amicum
922 1401 1066 1453 modo,
1111 1400 1182 1441 sed
1216 1415 1266 1441 ex
1298 1400 1450 1440 ultima

94 1460 230 1514 plebe,
263 1460 432 1513 auditis,
465 1475 571 1513 quae
599 1460 651 1500 ad
683 1475 780 1500 eum
813 1460 950 1501 delata
978 1463 1109 1513 erant,
1144 1474 1223 1500 11011
1254 1458 1450 1513 protinus

95 1519 146 1559 ad
171 1534 314 1574 regem
342 1520 470 1560 fuisse
491 1520 744 1560 cursurum‘.>
762 1534 815 1560 ne
838 1518 1028 1560 Cebalini
1051 1519 1220 1573 quidem
1243 1517 1449 1572 exemplo,

95 1579 169 1632 qui
207 1592 255 1619 ex
295 1579 425 1619 fratre
458 1581 659 1632 conperta
692 1579 773 1632 ipsi
805 1579 1064 1632 nuntiasset,
1096 1582 1333 1620 commotum
1370 1590 1452 1619 esse

42 1656 74 1680 213
96 1637 388 1678 Parmenionis
420 1637 569 1691 filium,
610 1638 873 1692 praefectum
906 1639 1133 1692 equitatUS,
1166 1637 1355 1678 omnium
1390 1651 1450 1677 ar-

97 1712 297 1738 canorum
326 1696 440 1752 regis
467 1697 690 1737 arbitrum!
738 1696 967 1738 Simulasse
995 1698 1135 1750 etiam,
1167 1711 1254 1738 non
1280 1710 1451 1737 vacasse

97 1757 280 1797 sermoni
308 1771 384 1797 suo
411 1770 568 1811 regem,
600 1770 652 1797 ne
679 1756 804 1797 index
830 1757 961 1797 alium
988 1757 1299 1797 internuntium
1329 1770 1450 1809 quae-

194 1878 211 1906 1
240 1873 443 1906 adductum
469 1876 495 1905 P
520 1885 563 1906 m.
591 1885 644 1916 pr.
672 1877 701 1906 V
728 1885 771 1907 m.
795 1885 867 1917 pit:
907 1873 1107 1907 adductum
1144 1884 1293 1917 cogeres
1321 1875 1451 1905 BFLV

100 1933 140 1954 m.
162 1932 226 1955 see.
351 1924 370 1953 2
394 1920 587 1965 beneficio]
610 1920 784 1954 benefitio
805 1924 841 1954 P.
965 1924 984 1954 3
1011 1920 1195 1965 Philotae]
1218 1919 1395 1964 phylotae
1418 1923 1449 1952 C.

98 1973 119 2001 4
146 1968 351 2012 ignoscere]
378 1967 593 2012 ignoscer**
621 1971 655 2001 P.
762 1972 781 2001 5
809 1968 972 2013 tantum]
998 1970 1157 2002 tamtum
1184 1971 1209 2000 B
1239 1979 1280 2001 m.
1298 1979 1354 2011 pr.
1378 1970 1449 1999 Lv.

99 2019 117 2047 7
139 2015 389 2060 paenitentia]
409 2015 577 2059 potentia
593 2019 617 2047 P
638 2028 682 2049 m.
698 2027 756 2059 pr.
832 2015 1026 2061 beneficio]
1043 2015 1217 2049 benefitio
1232 2018 1257 2047 L
1277 2027 1322 2049 m.
1344 2026 1397 2057 ρν.
1414 2018 1451 2047 P.

99 2066 119 2095 8
134 2062 430 2107 Parmenionem]
445 2062 747 2106 parmoenionem
757 2066 793 2104 P,
808 2063 1083 2107 permenionem
1097 2066 1122 2095 L
1138 2075 1180 2097 m.
1191 2073 1248 2106 pr.
1310 2065 1351 2095 10
1367 2072 1452 2095 suos

99 2113 124 2142 P
147 2122 188 2143 m.
206 2121 281 2153 pru:
303 2111 386 2144 tuos
409 2113 439 2143 C.
518 2114 559 2143 12
581 2109 776 2155 beneficia]
797 2110 974 2144 benefitia
993 2114 1028 2143 P.
1107 2115 1149 2144 15
1171 2110 1263 2143 scito
1281 2109 1450 2143 Illodius:

102 2168 176 2201 scio
197 2172 236 2201 Δ.
319 2172 360 2202 17
389 2180 594 2203 summoves
615 2172 647 2201 1:
676 2167 867 2202 s'fi'moues
888 2172 924 2211 P,
952 2169 1150 2202 submoues
1172 2173 1203 2202 C.
1282 2171 1323 2201 19
1345 2167 1453 2212 quin]

101 2216 165 2258 qui
191 2219 216 2248 P
238 2227 279 2249 m.
298 2227 355 2259 pr.
486 2215 682 2261 indicium]
709 2216 885 2250 inditium
911 2219 945 2249 P.
1076 2219 1118 2250 21
1146 2216 1281 2260 bonae]
1307 2215 1402 2249 bene
1427 2218 1453 2246 P

103 2275 144 2296 m.
163 2273 219 2306 pr.
307 2267 350 2296 24
377 2267 626 2297 commotam
655 2274 743 2298 esse
769 2263 909 2298 addidi.
998 2267 1041 2297 25
1068 2262 1338 2307 Parmenionis]
1369 2273 1452 2305 par-

101 2309 307 2390 mcssenionis
333 2313 405 2344 PV.
512 2311 746 2356 arcanorum]
775 2310 1017 2344 archanorum
1038 2314 1078 2344 V.
1184 2314 1227 2344 26
1255 2309 1452 2354 arbitrum]

102 2368 142 2390 ar
170 2356 297 2390 itrium
317 2359 353 2390 B.

1063 2409 1079 2427 ⁰
1172 2416 1239 2449 12*
