1610 2522
385 82 719 119 HISTORIARUM
746 81 1029 117 ALEXANDRI
1054 81 1113 123 VI,
1143 85 1172 114 ῖ.
1375 80 1455 121 177

106 196 182 237 illo
214 196 375 236 fatente
408 195 491 235 iam
524 194 700 235 tertium
733 206 842 245 esse,
884 190 1131 232 existimans
1171 189 1283 230 haud
1320 190 1459 230 incor-

108 258 235 309 rupta
274 254 355 295 fide
387 256 507 294 tanto
549 255 648 307 post
695 251 874 303 deferre,
917 264 1022 304 quae
1063 249 1270 301 audierat,
1309 248 1461 289 vinciri

108 330 204 356 eum
247 313 384 354 iussit.
446 311 504 353 At
539 313 611 354 ille
644 311 862 354 clamitare
901 310 1042 363 coepit
1075 308 1221 350 eodem
1255 308 1460 363 temporis
1487 319 1532 349 Ξῖ

109 375 345 426 momento,
384 386 466 426 quo
506 371 710 425 audisset,
748 370 799 411 ad
834 368 1035 410 Philotan
1068 367 1374 410 decucurrisse:
1409 367 1460 408 ab

73 451 88 476 5
109 448 157 474 eo
192 433 350 487 operiri
382 434 594 486 conperta.
651 429 743 471 Rex
775 429 998 470 identidem
1032 442 1247 481 quaerens,
1280 442 1334 467 an
1364 425 1463 468 Phi·
1490 437 1533 467 28

110 493 229 534 lotan
267 491 441 544 adisset,
480 505 533 531 an
565 488 792 531 institisset
830 489 885 542 ei,
923 490 971 528 ut
1008 487 1279 541 pervenirent
1322 486 1375 527 ad
1408 500 1464 537 se,

111 556 410 606 perseverante
442 565 490 591 eo
524 549 759 602 adfirmare,
787 561 892 601 quae
920 547 1094 599 dixerat,
1126 560 1276 587 manus
1305 546 1357 586 ad
1377 560 1463 586 cae-

110 611 199 651 lum
232 609 410 652 tendens
437 607 708 650 manantibus
740 607 927 649 lacrimis
946 606 1056 647 hanc
1088 605 1170 646 sibi
1203 620 1226 645 a
1247 604 1464 646 carissimo

112 670 326 724 quondam
359 669 593 710 amicorum
627 668 803 708 relatam
830 665 1009 722 gratiam
1031 665 1298 719 querebatur.
1349 663 1465 704 Inter
1493 676 1535 705 29

59 748 91 773 10
111 729 216 771 haec
241 728 437 783 Dymnus
469 727 583 768 haud
614 728 800 783 ignaruS,
832 740 959 779 quam
993 724 1047 766 ob
1081 738 1250 766 causam
1284 738 1465 766 accerse-

113 792 231 830 retur
263 804 287 829 a
317 802 434 843 rege,
477 787 639 843 gladio,
685 800 768 840 quo
802 786 911 826 forte
943 787 1035 826 erat
1066 784 1248 838 cinctus,
1281 782 1467 839 graviter

113 862 157 889 se
196 848 390 889 Vulnerat
430 860 691 900 occursuque
730 845 964 886 satellitum
1003 843 1212 884 inhibitus
1256 843 1468 897 perfertur

113 907 156 948 in
197 907 370 963 regiam.
435 905 569 955 Quem
600 905 769 946 intuens
802 919 895 945 rex:
937 902 1104 956 ‘Quod’‚
1137 902 1290 956 inquit,
1323 902 1382 943 ‘in
1415 904 1468 955 te,
1495 913 1539 944 30

113 966 292 1022 Dymne,
342 968 509 1007 tantum
555 963 739 1021 cogitavi
790 964 925 1015 nefas,
970 966 1018 1003 ut
1065 962 1146 1004 tibi
1186 961 1468 1002 Macedonum

61 1022 246 1082 15'regno
289 1025 460 1081 dignior
499 1024 694 1066 Philotas
735 1037 801 1064 me
848 1037 1017 1076 quoque
1061 1023 1155 1076 ips-o
1197 1020 1466 1063 videreturP'

113 1084 240 1126 Illum
278 1086 363 1126 iam
403 1085 614 1126 defecerat
652 1097 751 1124 vox:
790 1084 932 1135 itaque
971 1081 1084 1123 edito
1130 1081 1294 1136 gemitu
1332 1079 1468 1121 vultu-

116 1159 197 1199 que
236 1159 261 1186 a
305 1146 535 1198 conspectu
572 1143 686 1199 regis
728 1156 876 1183 averso
919 1141 1099 1182 subinde
1141 1140 1370 1194 conlapsus
1403 1154 1471 1179 ex-

114 1204 337 1258 tinguitur.

42 1267 93 1304 28
204 1262 294 1305 Rex
326 1262 497 1304 Philota
541 1263 682 1303 venire
727 1262 771 1302 in
815 1261 976 1316 regiam
1021 1260 1154 1301 iusso:
1199 1257 1470 1311 ‘Cebalin1187’
1498 1270 1539 1299 31

61 1341 96 1366 20
115 1322 268 1376 inquit,
296 1322 511 1363 ‘ultimum
538 1321 797 1376 supplicium
823 1321 1013 1373 meritus,
1044 1320 1079 1360 si
1106 1319 1151 1359 in
1176 1321 1303 1372 caput
1330 1332 1470 1359 meum

116 1385 390 1436 praeparatas
434 1381 611 1421 insidias
656 1380 784 1421 biduo
830 1379 954 1420 texit:
1000 1378 1071 1420 sed
1115 1378 1243 1419 huius
1283 1377 1471 1418 criminis

117 1441 322 1482 Philotan
353 1455 472 1482 reum
507 1439 749 1492 substituit,
794 1439 845 1479 ad
883 1453 1008 1492 quem
1041 1438 1237 1492 protinus
1271 1436 1472 1477 indicium

118 1500 320 1542 detulisse
363 1515 405 1541 se
450 1499 656 1541 adfirmat.
720 1497 811 1547 Quo
850 1498 1050 1552 propiore
1088 1497 1223 1553 gradu
1261 1495 1474 1537 amicitiae
1501 1508 1544 1537 32

118 1574 184 1600 me
211 1560 438 1614 contingis,
456 1559 538 1600 hoc
559 1559 694 1599 maius
716 1560 780 1599 est
800 1556 1153 1598 dissimulationis
1180 1559 1278 1597 tuae
1297 1554 1474 1608 facinus,

63 1636 98 1662 25
120 1621 161 1659 et
206 1633 284 1674 ego
332 1617 534 1659 Cebalino
576 1619 712 1672 magis
757 1631 883 1670 quam
921 1615 1119 1657 Philotae
1164 1615 1206 1656 id
1250 1615 1475 1656 convenire

220 1728 236 1757 1
264 1723 381 1769 haud]
416 1724 481 1757 aut
512 1726 537 1755 P
563 1734 607 1756 m.
629 1734 688 1766 pr.
841 1725 860 1754 3
894 1721 1013 1755 iussit.
1041 1720 1089 1754 At
1120 1721 1266 1764 scripsi:
1299 1719 1408 1753 iussit
1439 1723 1475 1754 P.

121 1770 281 1804 iusserat
308 1774 339 1804 c.
451 1774 471 1803 4
498 1769 687 1815 Philotan]
714 1769 896 1814 phylotan
922 1772 993 1802 BF.
1099 1767 1351 1802 decucurrisse
1379 1768 1475 1801 Kin-

120 1819 237 1853 chz'us:
267 1818 519 1851 de**cu1·risse
545 1821 581 1859 P,
608 1817 811 1851 decurrisse
838 1821 870 1850 G.
988 1820 1007 1849 5
1035 1817 1174 1860 operiri
1199 1816 1377 1859 conperta,
1402 1816 1477 1848 Iec-

114 1866 220 1910 p‘ius:
242 1867 488 1910 perconperta
508 1868 544 1908 P,
570 1866 825 1909 percomperta
848 1867 879 1897 c.
963 1863 1165 1898 identidem
1187 1862 1476 1897 Freinshemius:

121 1913 212 1947 item
240 1917 261 1946 c
290 1913 334 1958 [V
354 1913 455 1958 om.]‚
488 1912 588 1946 idem
614 1915 639 1944 P
665 1924 709 1945 m.
725 1924 784 1956 pr.
931 1910 1121 1956 Philotan]
1153 1909 1336 1954 phylotan
1369 1912 1476 1943 BFV.

121 1963 140 1994 7
169 1960 227 2005 eo]
255 1960 347 1994 adeo
369 1964 405 1994 P.
507 1963 549 1993 10
576 1959 839 2004 accerseretur]
863 1958 1105 1992 accersiretur
1124 1961 1150 1990 F
1170 1969 1214 1991 m.
1231 1969 1288 2001 pr.
1311 1960 1336 1990 L
1356 1968 1401 1990 m.
1419 1969 1476 2000 pr.

124 2011 165 2041 12
199 2008 399 2053 perfertur]
434 2006 676 2052 perferfertur
701 2010 726 2039 P
755 2018 799 2041 m.
822 2018 881 2051 pr.
1030 2009 1072 2039 13
1105 2005 1243 2050 inquit]
1277 2004 1409 2048 inquid
1442 2008 1477 2037 L.

124 2059 167 2088 14
195 2054 355 2101 Dymne]
383 2055 508 2088 dimne
528 2058 553 2087 P
576 2066 693 2098 mpr.
714 2057 754 2087 V.
856 2058 896 2087 15
924 2052 1108 2099 Philotas]
1134 2052 1309 2096 phylotas
1336 2055 1406 2085 BF.

121 2102 219 2147 ipso]
249 2103 286 2136 in
307 2106 332 2135 P
359 2114 379 2136 o
405 2114 449 2137 eoe
474 2113 563 2137 corr.
586 2114 629 2135 m.
651 2113 716 2136 rec.
818 2104 859 2134 19
886 2100 1035 2134 Philota
1056 2104 1088 2133 1:
1116 2099 1271 2144 phylota
1299 2104 1332 2140 G,
1358 2098 1481 2143 philo-

122 2151 189 2182 tan
213 2153 238 2182 P
267 2162 309 2183 m.
325 2162 384 2193 pr.
508 2154 549 2182 ‘21
576 2149 686 2183 texit:
716 2148 779 2183 sed
806 2149 953 2192 scripsi:
980 2148 1135 2181 texisset
1155 2150 1215 2180 FB
1238 2159 1281 2181 m.
1301 2158 1365 2181 sec.
1388 2150 1412 2179 L
1435 2158 1478 2180 m.

121 2207 186 2231 sec.
207 2199 232 2229 P
251 2208 296 2231 m.
317 2209 380 2231 sec.
397 2200 426 2229 V
448 2208 490 2230 m.
511 2208 588 2239 sec,
609 2196 703 2230 texit
716 2199 742 2229 B
759 2208 801 2230 m.
819 2208 888 2240 pr..
909 2195 986 2229 texi
1000 2199 1025 2228 L
1046 2207 1090 2229 m.
1103 2194 1172 2239 prf,
1193 2195 1287 2228 te'Txit
1301 2197 1325 2226 P
1349 2206 1390 2227 m.
1411 2205 1478 2237 pru,

123 2244 183 2277 tex
199 2246 228 2276 V
245 2255 286 2277 m.
299 2256 358 2288 pr.
435 2247 477 2277 22
498 2243 688 2289 Philotan]
706 2242 888 2288 phylotan
903 2246 1009 2276 BFV.
1085 2242 1203 2288 reum]
1224 2252 1352 2275 ressum
1371 2244 1406 2275 P.

124 2290 189 2336 a-d]
217 2292 255 2324 at
281 2295 317 2325 P.
393 2295 435 2324 ‘23
462 2291 651 2336 propiore]
678 2290 867 2335 propriore
893 2294 928 2324 P.
1007 2289 1212 2334 amicitiae]
1240 2288 1422 2322 amititiae
1444 2292 1480 2327 P,

124 2338 326 2372 amiciciae
351 2342 389 2372 V.
489 2342 532 2372 25
559 2338 744 2383 Philotae]
770 2337 948 2382 phylotae
975 2341 1079 2370 BFL.

198 2402 339 2428 Ctss’rms
360 2404 465 2429 Eurus
489 2403 533 2428 ed.
554 2403 734 2428 Hedicke.
774 2403 827 2429 Ed.
848 2404 952 2427 maior.
1226 2399 1266 2428 12
