1610 2522
38 640 85 673 13

54 774 86 796 10

57 1069 85 1092 15

53 1365 66 1388 :³
71 1364 86 1387 0

379 108 709 142 HISTORIARUM
737 107 1020 142 ALEXANDRI
1050 108 1126 148 VH,
1155 113 1184 142 3.
1375 107 1461 148 213

106 219 148 258 et
185 217 372 270 arbores,
417 217 452 257 si
496 231 601 271 quae
634 217 677 257 in
711 219 830 258 tanto
865 219 998 258 terrae
1031 216 1172 271 rigore
1205 216 1355 257 durare
1389 230 1461 270 po-

106 279 299 329 tuerunt,
332 276 519 317 obruunt
551 277 738 330 penitus:
778 276 916 318 hieme
949 275 1139 317 defossae
1171 277 1323 330 latent,
1366 290 1461 316 cum

107 336 295 378 discussa
328 336 489 390 aperire
523 336 699 376 humum
733 336 890 390 coepit,
935 336 1051 377 caelo
1085 336 1251 389 solique
1283 335 1461 376 reddun-

108 397 185 436 tur.
251 394 445 436 Ceterum
486 395 589 436 adeo
629 394 739 436 altae
777 396 895 436 nives
933 397 1134 449 premunt
1174 397 1329 436 terram
1362 393 1463 449 gelu
1492 408 1529 436 11

71 473 85 495 ς,
107 461 149 495 et
181 457 386 508 perpetuo
419 469 552 508 paene
587 454 726 509 rigore
754 455 1019 507 constrictae,
1050 457 1098 495 ut
1124 469 1175 494 ne
1203 455 1343 495 avium
1372 454 1461 507 qui-

108 514 203 554 dem
224 514 388 555 feraeve
411 514 539 554 ullius
559 514 786 569 vestigium
808 517 932 555 extet.
984 512 1175 555 Obscura
1195 514 1299 554 caeli
1320 514 1461 554 verius

109 573 257 614 umbra
290 587 414 627 quam
449 572 535 626 lux,
566 573 681 614 nocti
716 573 880 626 similis,
912 573 1068 627 premit
1100 576 1270 626 terram,
1302 573 1372 613 vix
1402 575 1462 626 ut,

107 647 214 686 quae
246 646 382 686 prope
415 635 525 685 sunt,
558 632 746 686 conspici
778 633 956 686 possint.
1007 631 1057 673 In
1088 632 1167 674 hac
1201 635 1292 673 tum
1323 632 1461 673 omnis
1514 653 1521 658 ·

106 691 280 732 humani
314 691 453 732 cultus
481 692 709 733 solitudine
738 692 968 733 destitutus
996 692 1220 745 exercitus,
1253 691 1461 746 quidquid

108 751 316 792 malorum
344 750 517 792 tolerari
544 754 697 805 potest,
723 751 911 806 pertulit,
938 751 1142 806 inopiam,
1167 752 1319 807 frigus,
1344 751 1461 792 lassi-

107 810 316 862 tudinem,
356 811 703 864 desperationem.
767 811 928 852 Multos
961 811 1220 852 exanimavit
1251 811 1368 866 rigor
1402 811 1460 851 in-

108 869 259 910 solitus
309 870 438 923 nivis,
488 870 720 911 multorum
773 870 936 911 adussit
979 871 1126 925 pedes,
1177 870 1459 924 plurimorum

108 928 265 970 oculos.
338 928 567 983 Praecipue
605 929 894 984 perniciabilis
932 930 1014 971 fuit
1053 930 1262 984 fatigatis:
1303 930 1461 984 quippe

106 988 150 1029 in
182 988 275 1042 ipso
308 988 406 1042 gelu
441 989 679 1030 deficientia
711 1003 888 1044 corpora
921 989 1186 1044 sternebant,
1225 1003 1332 1043 quae
1365 1003 1460 1029 cum

106 1048 266 1088 moveri
299 1047 517 1102 desissent,
555 1049 618 1089 vis
650 1048 824 1104 frigoris
856 1051 917 1089 ita
949 1049 1254 1104 adstringebat,
1294 1051 1341 1090 ut
1373 1063 1460 1089 rur-

107 1122 178 1149 sus
216 1107 267 1148 ad
306 1107 562 1162 surgendum
604 1108 732 1149 coniti
767 1123 854 1149 non
886 1111 1072 1162 possent.
1136 1108 1171 1149 A
1207 1107 1461 1150 commilito-

105 1165 232 1207 nibus
277 1169 493 1221 torpentes
539 1167 853 1222 excitabantur,
897 1182 1033 1221 neque
1078 1168 1194 1209 aliud
1226 1167 1461 1209 remedium

108 1228 214 1280 erat,
259 1241 386 1280 quam
424 1230 472 1267 ut
505 1226 670 1282 ingredi
704 1230 973 1283 cogerentur:
1013 1230 1104 1268 tum
1139 1227 1309 1269 demum
1340 1226 1462 1267 vitali

107 1284 246 1326 calore
289 1288 408 1327 moto
452 1287 653 1327 membris
697 1286 852 1340 aliquis
896 1286 1063 1327 redibat
1107 1287 1238 1341 vigor.
1304 1285 1348 1327 Si
1389 1287 1462 1339 qui

107 1346 278 1399 tuguria
314 1344 593 1386 barbarorum
633 1345 747 1387 adire
784 1348 1036 1400 potuerunt,
1081 1346 1273 1387 celeriter
1312 1344 1461 1387 refecti

107 1407 217 1446 sunt.
270 1402 352 1445 Sed
385 1407 501 1445 tanta
535 1405 672 1460 caligo
706 1408 807 1457 erat,
838 1408 887 1446 ut
919 1405 1111 1446 aedificia
1142 1407 1260 1446 nulla
1286 1405 1368 1446 alia
1395 1419 1461 1446 res

107 1478 233 1516 quam
273 1464 415 1505 fumus
448 1464 700 1505 ostenderet.
763 1464 831 1505 Illi
864 1480 1098 1519 numquam
1130 1468 1228 1505 ante
1259 1465 1303 1505 in
1336 1464 1460 1505 terris

108 1523 194 1563 suis
240 1522 400 1563 advena
443 1523 534 1564 viso
581 1538 675 1564 cum
721 1527 906 1565 armatos
944 1527 1117 1577 repente
1154 1524 1461 1578 conspicerent,

107 1583 338 1623 exanimati
370 1585 498 1637 metu,
531 1583 739 1637 quidquid
772 1584 815 1625 in
848 1584 1031 1639 tuguriis
1066 1587 1166 1637 erat,
1201 1583 1460 1635 adferebant,

108 1643 155 1681 ut
180 1641 431 1695 corporibus
456 1643 646 1695 ipsorum
673 1645 928 1697 parceretur,
961 1645 1139 1684 orantes.
1189 1642 1281 1684 Rex
1309 1657 1462 1698 agmen

107 1700 356 1742 circumibat
399 1701 544 1755 pedes,
588 1702 772 1743 iacentes
819 1702 1022 1756 quosdam
1063 1702 1228 1757 erigens
1269 1705 1309 1742 et
1342 1702 1460 1756 alios,

107 1774 202 1800 cum
235 1775 358 1814 aegre
392 1764 685 1815 sequerentur,
729 1761 988 1802 adminiculo
1031 1761 1220 1816 corporis
1255 1761 1319 1802 sui
1353 1761 1460 1802 exci-

106 1818 238 1872 piens¹
294 1818 419 1860 Nune
453 1820 504 1860 ad
537 1822 674 1874 prima
707 1821 840 1874 signa,
871 1835 985 1862 nunc
1018 1821 1059 1861 in
1095 1821 1247 1874 medio,
1278 1835 1390 1861 nunc
1416 1821 1460 1861 in

203 1988 221 2016 2
250 1983 418 2018 defossae
453 1985 683 2019 Vetmlehms:
713 1985 859 2018 defossa
880 1988 918 2018 A.
996 1988 1014 2017 ι’)
1041 1985 1175 2029 rigore]
1204 1984 1324 2030 rigere
1351 1988 1386 2018 P.

107 2031 344 2076 constrictae]
372 2031 572 2065 constricto
598 2036 624 2064 F
645 2044 688 2066 m.
705 2044 764 2076 pr.
871 2036 889 2064 6
917 2032 1076 2078 feraeve]
1104 2031 1178 2066 fere
1205 2036 1241 2066 P.
1345 2031 1459 2065 ullius

106 2078 321 2125 vestigium]
341 2078 542 2123 uestigium
563 2079 675 2113 ullius
696 2083 732 2113 F.
808 2080 923 2124 extet]
945 2079 1084 2114 excitat
1102 2083 1138 2113 P.
1214 2083 1233 2113 8
1260 2079 1405 2123 possint
1424 2083 1458 2113 I:

108 2127 262 2168 possunt
287 2128 327 2159 A.
450 2126 536 2172 hac]
562 2126 658 2160 hanc
684 2130 719 2161 P.
842 2132 921 2160 tum
948 2127 1236 2161 Freinshemius:
1267 2128 1391 2160 tamen
1418 2129 1457 2159 A.

110 2177 150 2206 11
178 2172 350 2207 insolitus
376 2177 408 2207 1:
437 2173 607 2208 insolitos
627 2177 666 2207 A.
768 2179 808 2207 12
838 2174 996 2220 adussit]
1024 2174 1149 2208 adusit
1174 2178 1211 2208 P.
1313 2178 1355 2208 14
1382 2185 1457 2207 cor-

108 2220 214 2266 pora]
242 2232 413 2264 corporas
446 2225 479 2254 P.
604 2232 698 2265 quae
725 2234 790 2256 om.
818 2225 854 2255 P.
979 2225 1021 2255 16
1049 2221 1164 2256 coniti
1198 2222 1336 2256 Laacr:
1374 2232 1458 2255 con—

108 2267 218 2301 tineri
239 2271 278 2301 A.
356 2271 397 2301 19
418 2269 535 2314 moto]
556 2271 643 2303 neto
664 2272 699 2302 F.
776 2268 966 2314 membris]
987 2269 1149 2303 menbris
1171 2273 1207 2303 F.
1287 2272 1331 2302 24
1351 2268 1458 2311 quid-

108 2314 213 2359 quid]
235 2315 405 2358 quicquit
422 2319 460 2349 F.
535 2316 710 2361 tuguriis]
732 2316 875 2360 tuguris
896 2319 932 2350 F.
1010 2320 1052 2350 25
1073 2316 1254 2362 ipsorum]
1275 2326 1403 2350 eorum
1422 2319 1458 2351 1³.

109 2365 150 2395 26
180 2361 413 2408 circumibat]
441 2362 621 2397 circuibat
648 2367 684 2397 F.
785 2367 826 2398 28
853 2364 974 2397 medio
1001 2367 1034 2397 1:
1061 2364 1225 2397 medium
1251 2366 1290 2397 A.

1491 821 1532 852 13

1490 1120 1532 1150 14

1491 1298 1532 1328 15

1490 1476 1532 1506 16
