1610 2522
62 772 93 796 10

64 1069 95 1093 15

64 1367 98 1391 20

384 102 714 137 HISTORIARUM
743 100 1021 135 ALEXANDRJ
1048 100 1123 142 ΗΠ,
1153 103 1182 134 7.
1408 99 1460 139 67

110 215 247 270 tepori
279 215 461 255 maxime
489 212 654 264 similis,
687 225 832 252 omnes
867 210 964 250 anni
994 212 1136 264 partes
1169 209 1259 263 pari
1288 207 1464 249 salubri-

111 278 198 317 tate
228 274 449 329 percuirit.
513 272 693 313 Accolae
727 271 839 312 sedis
873 272 972 310 sunt
1004 269 1055 310 ab
1091 269 1252 310 oriente
1279 268 1463 323 proximi

111 334 385 388 Aethiopum.
448 331 497 373 In
531 331 747 373 meridiem
788 345 951 371 versam
984 328 1147 370 Arabes
1181 330 1376 383 spectant
1406 351 1465 356 ——

111 393 370 449 Trogodytis
404 406 640 448 cognomen
681 394 744 432 est
776 415 833 419 —
843 389 1041 431 h:0rum
1081 388 1199 443 regio
1239 402 1374 442 usque
1414 387 1463 427 ad

78 474 86 487 ›-
117 453 304 494 Rubrum
330 467 445 493 mare
472 451 669 492 excuirit.
733 449 792 490 At
824 424 907 504 qua
940 448 1078 504 vergit
1110 448 1162 488 ad
1190 447 1464 500 occidentem,

113 513 186 554 alii
220 512 455 566 Aethiopes
489 512 647 565 colunt,
686 524 793 564 quos
827 508 966 550 Simos
1001 484 1164 550 vowant
1228 507 1266 548 A
1300 509 1464 561 septen-

113 573 250 614 trione
276 571 541 613 Nasamones
576 573 685 624 sunt,
718 584 821 623 gens
857 567 1034 622 Syrtica,
1069 567 1336 622 navigiorum
1372 582 1464 620 spo-

116 632 182 673 liis
226 634 498 686 quaestuosa:
545 631 702 684 quippe
745 628 941 670 obsident
983 627 1110 668 litora
1155 629 1197 667 et
1239 629 1358 667 aestu
1400 626 1465 666 de-

115 692 267 733 stituta
320 691 492 745 navigia
542 691 655 730 notis
706 688 786 729 sibi
833 688 950 728 vadis
997 690 1218 740 occupant.
1295 685 1465 727 Incolae
1494 699 1502 712 ‘

114 751 319 804 nemoris,
359 765 464 805 quos
503 748 783 791 Hammonios
825 750 994 801 vocant,
1040 747 1242 800 dispersis
1282 746 1466 801 tuguriis

114 811 327 852 habitant:
354 810 540 851 medium
565 823 712 850 nemus
739 822 817 862 pro
845 822 939 848 arce
959 806 1128 861 habent,
1158 805 1319 860 triplici
1346 820 1467 846 muro

116 869 436 912 ciimcumdatum
516 868 660 909 Prima
716 866 899 908 munitio
952 869 1230 921 tyrannorum
1285 868 1466 906 veterem

115 930 272 986 regiam
302 930 465 982 clausit
497 929 540 969 in
566 928 762 982 proxima
791 927 993 981 coniuges
1021 939 1168 967 eorum
1202 940 1296 967 cum
1322 925 1468 966 liberis

116 994 157 1030 et
162 966 401 1044 ξ,9011010113
441 987 692 1029 habitabant
732 1012 788 1016 —
827 986 896 1027 1110
935 999 1104 1040 quoque
1145 985 1211 1026 dei
1250 983 1468 1026 oraculum

117 1052 180 1090 est
213 1075 282 1103 ——‚
313 1049 466 1090 ultima
505 1048 770 1088 munimenta
809 1045 1043 1087 satellitum
1076 1046 1470 1099 armigerorumque

118 1109 236 1150 sedes
264 1111 394 1150 erant.
458 1107 536 1148 Est
569 1110 611 1147 et
637 1106 753 1147 aliud
780 1105 1033 1146 Hammonis
1059 1119 1226 1146 nemus:
1260 1105 1304 1145 in
1332 1103 1469 1145 medio
1498 1117 1530 1130 ⁴·

118 1168 246 1209 habet
282 1169 445 1209 fontem
484 1192 540 1196 -—
581 1165 693 1207 Solis
733 1180 885 1220 aquam
928 1167 1081 1206 vocant
1122 1181 1194 1206 —z
1240 1164 1318 1204 sub
1363 1163 1470 1204 lucis

119 1232 258 1269 ortum
286 1227 429 1282 tepida
454 1229 610 1280 manat,
643 1225 781 1266 medio
815 1225 893 1276 die⁷
927 1225 1045 1266 cuius
1072 1223 1471 1265 vehementissimus

119 1291 184 1329 est
221 1287 353 1340 calor,
391 1286 549 1341 frigida
587 1286 732 1327 eadem
770 1285 884 1338 fluit,
926 1285 1130 1325 inclinato
1169 1284 1211 1324 in
1251 1298 1471 1337 vesperam

119 1347 307 1400 calescit,
348 1346 486 1387 media
527 1348 648 1387 nocte
689 1345 851 1385 fervida
893 1346 1130 1397 exaestuat,
1174 1357 1346 1397 quoque
1388 1357 1472 1383 nox

118 1407 296 1462 propius
329 1406 469 1462 vergit
506 1405 558 1446 ad
589 1406 744 1455 lucem,
783 1403 965 1446 multum
1006 1418 1057 1444 ex
1092 1405 1298 1444 nocturno
1333 1401 1473 1443 calore

119 1466 335 1519 decrescit,
375 1466 507 1506 donec
540 1465 617 1506 sub
651 1466 791 1518 ipsum
826 1464 909 1504 diei
942 1466 1081 1504 ortum
1114 1462 1288 1503 adsueto
1325 1464 1473 1516 tepore

120 1526 377 1580 languescat.
442 1524 564 1574 Quod
584 1539 662 1579 pro
684 1523 761 1564 deo
785 1524 950 1576 colitur,
980 1538 1067 1564 non
1088 1522 1264 1563 eandem
1285 1521 1472 1576 effigiem
1501 1534 1509 1547 ί

123 1586 267 1638 habet,
319 1600 445 1639 quam
496 1583 626 1638 vulgo
673 1583 752 1624 diis
798 1583 980 1624 artifices
1026 1581 1473 1624 accommodaverunt:

69 1665 97 1688 ε,-
124 1644 327 1686 umbilico
379 1644 562 1684 maxime
614 1643 766 1684 similis
819 1645 881 1684 est
930 1642 1103 1683 habitus
1155 1640 1380 1696 zmaragdo
1433 1642 1474 1680 et

125 1704 303 1759 gemmis
332 1706 665 1759 coagmentatus.
727 1701 865 1756 Hunc,
899 1717 994 1742 cum
1021 1715 1273 1755 responsum
1302 1701 1474 1755 petitur,

122 1765 294 1819 navigio
346 1766 494 1804 aurato
549 1765 720 1817 gestant
771 1761 1011 1804 sacerdotes
1062 1760 1209 1801 multis
1261 1759 1473 1815 argenteis

121 1824 279 1878 pateris
313 1823 365 1863 ab
392 1825 573 1876 utroque
605 1821 765 1877 navigii
798 1821 930 1863 latere
956 1820 1258 1875 pendentibus:
1292 1834 1473 1874 sequun-

220 1944 236 1974 1
265 1939 401 1985 tepori]
426 1939 585 1983 tempori
607 1943 642 1972 L.
751 1942 770 1971 4
797 1937 1021 1982 Trogodytis
1040 1938 1186 1981 scripsi:
1215 1936 1414 1981 tragoditis
1435 1939 1474 1969 A.

123 1993 142 2021 5
170 1988 218 2021 At
241 1991 266 2021 P
293 1999 336 2021 m.
356 1998 430 2030 pta:
458 1997 479 2021 a
500 1991 531 2021 C.
656 1986 885 2020 occidentem
912 1989 937 2018 P
963 1998 1008 2019 m.
1030 1997 1107 2029 pr:
1144 1984 1414 2018 occidentalem
1442 1988 1475 2017 c.

124 2040 143 2068 6
164 2035 366 2078 Aethiopes
380 2038 413 2067 1:
436 2034 602 2078 ethiopes
617 2037 655 2068 A.
715 2033 833 2068 Simos
849 2034 1092 2068 Letellierius:
1108 2033 1245 2067 simuos
1259 2036 1299 2065 A.
1352 2036 1368 2065 7
1393 2031 1476 2075 Syr-

123 2083 199 2117 tica
221 2083 452 2117 Vimlelz‘nus:
474 2082 612 2125 tyrtica
632 2084 670 2115 A.
748 2084 790 2115 10
814 2080 1055 2114 Hammonios
1076 2084 1111 2114 1:
1139 2080 1344 2114 ammonios
1365 2082 1404 2112 A.

124 2129 317 2175 dispersis]
339 2129 496 2173 dipersis
516 2133 552 2162 F.
626 2133 663 2163 11
687 2140 752 2172 pro
774 2128 872 2174 arce]
894 2139 959 2172 per
979 2129 1057 2162 arte
1072 2132 1097 2161 L
1121 2140 1161 2162 m.
1178 2139 1237 2171 pr.
1309 2131 1351 2160 14
1372 2126 1477 2159 habi-

124 2177 256 2211 tabant
278 2181 320 2211 P:
361 2177 533 2210 habitant
561 2181 592 2210 C.
718 2180 759 2209 16
788 2176 909 2221 sedes}
944 2176 1074 2210 sedens
1100 2179 1139 2209 V.
1265 2178 1306 2208 18
1341 2174 1477 2218 ortum]

125 2226 273 2258 hortum
293 2228 318 2257 B
338 2237 382 2259 m
399 2228 582 2268 ])1·.*23
602 2224 836 2268 languescat]
861 2223 1070 2268 languescit
1089 2226 1128 2257 V
1206 2222 1311 2263 Quod
1331 2222 1476 2264 scripsi:

125 2273 164 2305 Id
192 2276 231 2306 A.
316 2272 487 2317 eandem]
515 2271 647 2306 endem
667 2275 707 2305 V.
793 2275 835 2304 ‘26
864 2272 1146 2315 coagmentatus
1174 2271 1346 2304 Zur-otus:
1375 2279 1478 2302 coac-

126 2321 366 2354 mentatusA
371 2347 377 2353 .
482 2323 524 2352 27
554 2319 740 2363 argenteis
766 2318 905 2362 pateris
939 2318 984 2351 ab
1012 2319 1170 2362 utioque
1197 2317 1334 2361 navigii
1363 2316 1479 2350 lffitele

127 2380 192 2402 nm.
213 2371 251 2401 V.
353 2370 395 2400 28
422 2367 577 2412 pateris]
604 2368 753 2411 pateras
779 2370 804 2399 P
832 2378 873 2400 m
893 2378 948 2409 pt

1221 2424 1265 2457 ὅ*

1493 280 1534 309 18

1496 460 1534 489 19

1500 1116 1517 1145 tv

1525 1116 1540 1145 lv
