1610 2522
136 121 219 162 170
636 121 676 163 Q.
705 121 848 156 CURTI
875 122 987 156 RUFI

86 242 105 272 5
133 230 375 285 insignibus
420 231 463 271 in
507 231 659 272 devicti
706 231 907 272 transiret
948 230 1152 271 habitum.
1229 231 1285 272 Et
1328 232 1398 272 ille
1444 246 1488 273 se

133 290 303 344 quidem
343 290 480 344 spolia
507 290 729 331 Persarum
762 293 930 346 gestare
957 289 1136 344 dicebat,
1168 290 1240 332 sed
1274 305 1368 332 cuin
1404 290 1488 332 illis

133 364 302 404 quoquc
340 363 480 390 mores
519 349 733 404 induerat,
771 349 1098 404 superbiamque
1145 349 1317 391 habitus
1358 350 1484 391 animi

85 421 105 452 6
132 409 363 450 insolentia
395 409 664 463 sequebatur.
702 408 886 450 Litteras
920 423 1105 463 quoque,
1139 424 1244 463 quas
1279 410 1320 450 in
1354 408 1488 450 Euro-

131 483 229 523 pam
277 469 484 522 mitteret,
524 469 678 510 veteris
723 469 836 510 anuli
889 482 1059 523 gemma
1103 468 1374 523 obsignabat,
1422 469 1489 522 iis,

132 542 238 582 quas
276 529 319 569 in
353 527 499 569 Asiam
542 528 764 581 scriberet,
804 527 932 568 Darei
971 529 1121 569 anulus
1168 528 1490 582 inprimebatur,

131 590 179 628 ut
211 587 431 643 adpareret
464 602 596 629 unum
630 587 817 628 animum
846 587 1026 628 duorum
1059 602 1145 628 non
1177 601 1326 642 capere
1357 588 1489 628 fortu-

88 659 104 689 7
134 662 242 688 nam.
305 647 479 688 Amicos
518 662 616 689 vero
651 650 692 687 et
731 648 896 701 equites
937 661 1104 701 unaque
1136 647 1350 702 principes
1383 647 1490 688 mili-

133 710 237 760 tum,
271 708 547 760 aspernantes
574 706 757 761 quidem,
791 706 863 748 sed
889 720 1084 748 recusare
1105 721 1192 747 non
1224 721 1361 759 ausos,
1394 705 1489 748 Per-

84 777 105 808 8
133 766 234 808 sicis
267 768 492 807 ornaverat
523 767 724 808 vestibus.
787 765 949 807 Pelices
983 776 1066 807 000
1100 768 1142 806 et
1175 777 1278 817 LXV,
1312 766 1488 807 totidem

133 828 239 879 quot
269 825 398 867 Darei
429 825 619 879 fuerant,
650 826 812 880 regiam
845 825 1083 879 inplebant,
1116 840 1220 880 quas
1252 825 1488 880 spadonum

85 896 105 927 9
134 899 283 940 greges
305 888 347 926 et
367 885 450 940 ipsi
475 885 700 927 muliebria
720 886 811 939 pati
845 884 1010 926 adsueti
1031 884 1328 938 sequebantur.
1373 884 1490 926 Haec

131 944 236 985 luxu
281 947 322 986 et
359 945 599 1000 peregrinis
650 943 808 985 infecta
857 944 1049 985 moribus
1094 947 1257 985 veteres
1298 943 1490 999 Philippi

131 1004 301 1058 milites,
326 1004 444 1045 rudis
476 1004 593 1045 natio
627 1004 678 1045 ad
712 1003 966 1059 voluptates,
998 1003 1139 1058 palam
1174 1004 1490 1056 aversabantur,

131 1063 321 1117 totisque
359 1065 508 1105 eastris
551 1078 659 1105 unus
702 1065 893 1105 omnium
938 1077 1087 1103 sensus
1126 1077 1172 1103 ac
1211 1077 1348 1104 sermo
1389 1066 1489 1113 erat,

63 1135 106 1166 10
133 1124 229 1177 plus
251 1124 452 1164 amissum
474 1123 655 1165 victoria
675 1138 801 1177 quam
835 1122 947 1164 bello
970 1137 1059 1163 esse
1087 1123 1343 1176 quaesitum:
1377 1136 1488 1163 cum—

131 1183 316 1224 maxime
348 1183 462 1224 vinci
488 1184 604 1238 ipsos
632 1183 796 1224 deditos
818 1183 966 1224 alienis
994 1182 1185 1223 moribus
1218 1185 1260 1222 et
1291 1181 1488 1223 externis.

133 1241 226 1292 Quo
259 1242 430 1283 tandem
464 1257 535 1283 ore
569 1242 718 1283 domos
740 1242 860 1297 quasi
893 1243 936 1283 in
970 1242 1139 1296 captivo
1172 1241 1323 1282 habitu
1355 1255 1489 1282 rever-

132 1302 284 1343 suros?
334 1301 500 1343 Pudere
533 1302 616 1342 iam
651 1303 717 1343 sui
749 1316 910 1357 regem:
944 1301 1068 1341 victis
1095 1315 1220 1355 quam
1255 1300 1489 1341 victoribus

132 1360 384 1402 similiorem
423 1376 474 1402 ex
512 1361 784 1403 Macedoniae
828 1361 1083 1416 imperatore
1121 1359 1246 1400 Darei
1291 1363 1489 1415 satrapen

62 1434 102 1463 11
130 1421 303 1462 factum.
373 1420 450 1462 Ille
488 1435 573 1462 non
613 1421 805 1476 ignarus,
847 1423 890 1462 et
927 1420 1144 1475 principes
1183 1420 1415 1461 amicorum
1449 1422 1489 1460 et

131 1480 364 1522 exercitum
386 1481 575 1535 graviter
595 1480 763 1533 offendi,
796 1480 976 1535 gratiam
1005 1478 1263 1520 liberalitate
1283 1479 1489 1533 donisque

131 1554 326 1594 reparare
357 1540 608 1594 temptabat.
672 1539 772 1593 Sed,
805 1540 974 1594 opinor,
1012 1538 1158 1580 liberis
1191 1539 1376 1592 pretium
1409 1553 1488 1579 ser-

63 1611 104 1642 12
131 1599 284 1639 vitutis
317 1600 532 1653 ingratum
561 1602 635 1640 est.
686 1598 835 1654 Igitur,
868 1614 920 1639 ne
952 1600 996 1639 in
1017 1598 1267 1640 seditionem
1302 1613 1367 1639 res
1401 1611 1488 1638 ver-

1528 488 1542 513 5

1512 786 1544 810 10

1511 890 1558 925 21

1515 1082 1543 1107 15

1511 1378 1544 1403 :³0

132 1662 304 1710 teretur,
337 1658 471 1699 otium
506 1658 862 1712 interpellandum
885 1661 975 1698 erat
1000 1657 1125 1711 bello,
1158 1658 1278 1699 cuius
1312 1658 1489 1698 materia
1510 1675 1542 1699 25

61 1730 103 1761 13
132 1721 374 1773 opportune
395 1718 597 1759 alebatur.
642 1717 840 1771 Namque
860 1717 1017 1758 Bessus
1039 1720 1155 1757 veste
1174 1717 1291 1770 regia
1319 1719 1489 1771 sumpta

227 1864 246 1892 4
275 1858 384 1904 quas]
411 1858 518 1902 quasi
544 1862 569 1891 P
592 1871 633 1893 m.
650 1870 709 1902 pr.
796 1863 815 1891 5
842 1858 990 1903 veteris]
1019 1860 1162 1891 ueteres
1189 1860 1215 1890 B
1235 1869 1280 1891 m.
1296 1869 1354 1901 pr.
1442 1856 1487 1889 iis

130 1910 156 1939 P
176 1918 220 1940 m.
237 1918 314 1950 pin:
343 1906 399 1939 his
421 1910 454 1939 C.
543 1910 562 1939 6
589 1906 715 1939 Asiam
736 1909 768 1939 1:
801 1905 880 1938 asia
901 1909 940 1939 A.
1028 1904 1318 1950 imprimebatur]
1345 1904 1487 1948 inpule-

130 1953 243 1988 batur
267 1957 304 1987 P.
390 1957 406 1987 ἰ·
436 1956 475 1987 ut
496 1966 561 1987 om.
583 1957 609 1986 P
628 1965 672 1987 m.
690 1965 748 1996 pr.
832 1952 1044 1998 adpareret]
1071 1954 1242 1997 apareret
1267 1955 1302 1993 L,
1331 1951 1488 1995 abpare-

130 2003 188 2035 ret
207 2005 242 2035 P.
330 2004 350 2034 S
377 2012 524 2044 unaque
551 2001 755 2035 Bentleius:
784 2000 836 2034 hii
863 2010 1023 2043 namque
1045 2004 1078 2041 C,
1104 2000 1165 2033 hi*
1194 2010 1353 2042 namque
1379 2002 1413 2032 P.

131 2049 334 2094 principes]
361 2049 544 2092 printipes
567 2051 603 2082 L.
723 2051 741 2081 9
769 2047 893 2093 ausos]
921 2058 1048 2081 aussos
1074 2051 1110 2080 P.
1223 2049 1265 2080 10
1292 2048 1488 2080 ornaverat

141 2096 371 2130 lf'indeliwus:
400 2097 621 2130 onerauerat
640 2098 679 2128 A.
791 2107 854 2128 ccc
881 2097 916 2128 et
944 2107 1013 2128 va
1046 2095 1166 2139 Voycl:
1202 2106 1286 2127 cccc
1313 2095 1350 2127 et
1377 2106 1421 2127 Lx
1447 2096 1485 2127 A.

134 2148 173 2177 11
203 2143 308 2189 quot]
337 2144 435 2187 quod
462 2147 533 2176 PV.
628 2146 670 2176 12
698 2142 861 2188 adsueti]
888 2141 1080 2176 adsue*ti*
1103 2145 1138 2175 P.
1235 2144 1276 2175 13
1303 2140 1486 2186 Philippi]

132 2191 304 2235 phylippi
331 2195 367 2224 F.
476 2195 517 2224 14
545 2189 826 2235 aversabantur]
852 2189 1102 2223 uersabantur
1127 2193 1162 2222 P.
1271 2192 1311 2222 17
1340 2188 1486 2222 deditos

132 2239 336 2273 chnclm'us:
366 2238 525 2281 dedique
546 2241 585 2271 A.
662 2243 704 2271 is
732 2236 810 2278 Quo
837 2237 990 2271 tandem
1013 2247 1075 2271 ore
1098 2237 1254 2281 sequius:
1283 2246 1355 2279 quo
1382 2236 1486 2270 tante

131 2297 230 2319 more
251 2289 289 2320 A.
366 2290 409 2319 22
431 2285 609 2331 graviter]
630 2285 779 2330 grauiti
793 2288 828 2318 P.
904 2284 1149 2329 liberalitate]
1170 2283 1400 2318 liberalitate
1415 2296 1433 2316 »ι
1450 2286 1484 2316 P.

132 2337 174 2366 23
203 2333 430 2379 temptabat]
463 2332 707 2376 temptabatis
734 2335 898 2376 P=m.]11·.
1025 2336 1067 2365 25
1095 2331 1192 2366 bello
1219 2335 1251 2364 1:
1280 2330 1420 2364 bellum
1446 2334 1485 2363 Δ.

132 2384 176 2415 26
203 2382 410 2425 opp0rtun2·
437 2385 469 2414 1:
499 2385 678 2424 oportune
705 2383 744 2414 A.
