1610 2522
63 276 100 306 18

60 632 101 662 19

64 1689 106 1718 23

132 91 214 132 164
629 94 668 131 Q.
698 90 839 124 ‹317RT1
868 89 977 125 RUFI

129 215 212 253 qua
246 199 382 254 vergit
415 199 466 239 ad
494 200 841 253 septentrionem,
873 200 950 241 hos
981 200 1030 240 ad
1061 214 1255 241 oceasum
1284 214 1484 241 conversa

127 262 383 313 prospectat.
465 258 581 300 Mare
628 258 829 314 Caspium
881 259 1047 300 dulcius
1099 260 1249 300 ceteris
1301 259 1486 314 ingentis

128 318 438 374 magnitudinis
476 322 692 373 serpentes
735 318 828 359 alit:
870 318 1051 372 piscium
1093 319 1135 359 in
1180 333 1229 359 eo
1268 319 1395 373 longe
1429 318 1488 358 di-

127 379 239 418 versi
272 378 324 418 ab
359 377 453 418 aliis
487 377 660 419 colores.
724 377 905 426 Quidam
932 378 1144 432 Caspium,
1178 378 1349 431 quidam
1378 377 1485 431 Hyr-

122 438 295 478 ·eanium
329 439 563 491 appellant:
598 437 670 478 alii
705 440 817 491 sunt,
849 438 921 490 qui
953 437 1177 479 Maeotiam
1212 436 1407 491 paludem
1444 437 1486 477 in
1526 451 1541 476 5

128 497 171 537 id
204 496 350 537 eadere
383 499 537 551 putent
563 500 604 537 et
631 500 929 552 argumentum
957 496 1148 538 adferant
1175 511 1341 551 aquam,
1374 496 1488 550 quod

126 556 293 597 dulcior
325 556 381 597 sit
413 571 538 610 quam
575 560 712 597 cetera
745 556 894 602 maria,
935 556 1075 596 infuso
1109 556 1276 610 paludis
1309 556 1487 596 humore

128 616 359 656 mitescere.
411 615 448 656 A
483 616 772 669 septentrione
806 616 956 670 ingens
988 615 1030 656 in
1056 616 1159 656 litus
1186 631 1300 657 mare
1328 616 1488 656 incum-

130 675 192 715 bit
239 675 449 730 longeque
491 674 580 731 agit
626 676 779 716 fluetus
824 678 866 716 et
898 690 1051 730 magna
1084 679 1202 729 parte
1235 678 1488 716 exaestuans

130 737 317 789 stagnat:
370 734 479 775 idem
525 734 609 775 alio
655 734 757 775 caeli
803 737 915 776 statu
961 733 1112 788 recipit
1158 735 1197 775 in
1243 749 1286 775 se
1332 734 1487 775 fretum
1510 747 1543 772 ιο

129 794 363 848 eodemque
409 794 589 848 impetu,
634 809 717 848 quo
763 794 941 835 effusum
978 797 1059 846 est,
1106 794 1297 835 relabens
1331 800 1488 835 terram

128 857 304 895 naturae
349 868 448 894 suae
494 853 641 895 reddit.
706 853 760 894 Et
802 853 974 907 quidam
1014 853 1226 895 credidere
1265 868 1349 895 non
1393 852 1490 893 Cas-

128 914 247 967 pium
281 927 395 954 mare
429 927 531 967 esse,
569 913 641 954 sed
675 928 724 953 ex
757 912 878 954 India
912 913 953 953 in
987 912 1246 967 Hyrcaniam
1285 912 1487 954 Oceanum

132 973 290 1027 eadere,
324 972 443 1013 euius
476 972 711 1027 fastigium,
744 976 789 1012 ut
823 987 951 1027 supra
986 972 1145 1013 dictum
1177 976 1253 1025 est,
1286 975 1490 1026 perpetua

131 1034 240 1073 valle
273 1032 553 1073 submittitur.
1511 1043 1543 1068 15

221 1091 333 1132 Hine
371 1106 444 1132 rex
479 1104 541 1132 xx
575 1091 713 1132 stadia
751 1091 957 1145 processit
996 1092 1145 1132 semita
1178 1091 1489 1145 propemodum
1514 1090 1561 1124 13

132 1151 258 1204 invia,
292 1151 358 1192 eui
392 1151 499 1192 silva
533 1151 778 1205 inminebat,
810 1154 1106 1204 torrentesque
1140 1153 1179 1191 et
1214 1150 1372 1191 eluvies
1410 1150 1490 1190 iter

131 1210 425 1252 morabantur:
458 1213 577 1252 nullo
611 1213 752 1251 tamen
783 1209 907 1251 hoste
941 1210 1068 1251 obvio
1102 1212 1368 1264 penetratum
1401 1212 1489 1250 tan-

133 1271 312 1324 demque
345 1270 397 1311 ad
431 1270 611 1311 cultiora
645 1273 893 1324 perventum
922 1273 995 1310 est.
1048 1269 1220 1310 Praeter
1246 1269 1353 1309 alios
1381 1283 1491 1310 com-

133 1333 311 1382 meatus,
343 1344 524 1383 quorum
558 1333 650 1370 tum
684 1329 806 1383 eopia
831 1330 948 1384 regio
976 1328 1233 1381 abundabat,
1266 1342 1488 1382 pomorum
1512 1340 1545 1364 20

133 1404 302 1443 quoque
335 1390 486 1444 ingens
520 1389 670 1429 modus
705 1389 909 1441 nascitur,
949 1392 990 1429 et
1022 1388 1280 1429 uberrimum
1316 1388 1490 1443 gignen-

133 1449 198 1489 dis
244 1449 336 1489 uvis
382 1449 520 1489 solum
568 1452 640 1489 est.
704 1447 921 1502 Frequens
966 1448 1091 1489 arbor
1124 1449 1271 1489 faciem
1312 1461 1491 1501 quereus

134 1508 274 1558 habet,
307 1509 427 1549 euius
454 1508 558 1549 folia
586 1508 720 1549 multo
747 1510 872 1549 melle
899 1508 1138 1562 tinguntur,
1168 1507 1251 1556 sed,
1279 1507 1361 1547 nisi
1388 1506 1491 1548 solis

135 1572 274 1609 ortum
316 1567 478 1609 incolae
518 1567 835 1621 oceupaverint.
882 1568 946 1608 vel
986 1567 1152 1608 modico
1186 1570 1332 1620 tepore
1366 1580 1491 1606 sucus

134 1627 409 1682 extinguitur.
1512 1636 1545 1661 25

225 1698 319 1727 xxx
351 1686 451 1726 hine
484 1686 622 1727 stadia
653 1689 931 1740 processerat,
964 1700 1058 1726 eum
1086 1684 1427 1739 Phrataphernes
1454 1685 1490 1725 ei

136 1746 319 1788 occurrit
359 1761 486 1799 seque
525 1749 566 1787 et
602 1759 692 1799 eos,
738 1746 810 1799 qui
843 1748 943 1800 post
976 1744 1101 1785 Darei
1135 1748 1315 1785 mortem
1349 1745 1492 1799 profu-

234 1844 249 1873 1
278 1838 586 1884 septentrionem]
620 1840 723 1883 septe
755 1838 913 1872 trionem
948 1842 982 1871 P.
1114 1838 1195 1883 hos]
1231 1850 1269 1871 os
1303 1841 1327 1870 P
1359 1849 1403 1871 m.
1431 1849 1490 1881 pr.

137 1892 155 1919 :2
185 1886 344 1931 dulcius]
374 1886 493 1921 dulcis
520 1890 546 1919 F
572 1898 616 1920 m.
638 1898 697 1930 pr.
725 1889 751 1918 P
779 1897 820 1920 m.
842 1898 915 1930 pr„
943 1885 1073 1920 duleus
1100 1888 1139 1919 V.
1264 1890 1283 1917 3
1316 1884 1491 1930 piscium]

135 1934 274 1979 picium
296 1937 334 1967 V.
410 1938 431 1966 4
452 1933 592 1968 colores
615 1934 784 1968 Koehler:
813 1932 970 1967 colorem
994 1936 1032 1966 A.
1109 1938 1127 1966 ‘5
1153 1931 1326 1966 adferant
1345 1933 1490 1976 scripsi:

137 1981 307 2015 adferent
339 1984 376 2014 A.
454 1981 568 2026 quod]
603 1992 675 2025 quo
703 1983 771 2014 BP.
863 1985 877 2013 7
909 1980 1066 2026 dulcior]
1094 1979 1233 2013 dultior
1258 1983 1292 2013 L.
1378 1982 1398 2013 8
1425 1980 1492 2012 mi-

137 2030 292 2074 tescere]
314 2029 527 2063 mittescere
543 2032 578 2069 P,
601 2028 781 2062 intescere
795 2032 833 2061 V¹
910 2027 1177 2073 septentrione]
1199 2030 1302 2071 septe
1322 2027 1440 2060 trione
1455 2031 1491 2060 P.

137 2083 156 2109 9
185 2076 421 2121 exaestuans]
449 2078 644 2111 exestuens
670 2079 708 2109 V.
835 2080 876 2109 10
904 2076 1052 2120 recipit]
1085 2074 1228 2118 recepit
1252 2078 1276 2107 L
1304 2086 1347 2108 m..
1372 2086 1428 2118 pr.
1456 2078 1491 2107 P.

140 2129 177 2157 11
203 2124 423 2168 eodemque]
445 2123 698 2166 edeodemque
713 2127 748 2156 P.
809 2127 850 2156 12
872 2123 1040 2168 quidam]
1063 2122 1212 2166 quidem
1227 2126 1265 2155 V.
1330 2125 1370 2154 13
1393 2124 1492 2156 (tce-

137 2184 267 2206 αηιιυι
282 2172 422 2207 addidi.
502 2175 543 2205 15
565 2170 813 2215 submittitur]
835 2170 1103 2204 summititurP
1123 2182 1166 2204 m.
1184 2181 1241 2213 pr.
1319 2174 1360 2202 18
1382 2180 1491 2213 pene—

137 2222 275 2252 tratum
299 2220 502 2254 Bentleius:
525 2220 697 2263 penetrat
712 2222 744 2260 C,
766 2219 964 2262 penetrant
979 2221 1004 2250 P
1021 2230 1062 2251 m.
1078 2229 1137 2262 pr.
1216 2221 1256 2251 19
1278 2216 1435 2250 cultiora
1457 2220 1490 2249 1:

138 2267 295 2299 :uultiora
325 2270 360 2307 P,
387 2266 563 2300 ulteriora
592 2269 701 2307 BFL,
729 2265 907 2299 ultierora
934 2268 972 2298 V.
1097 2268 1140 2298 -20
1167 2264 1399 2309 abundabat]
1428 2263 1492 2298 ha—

137 2313 333 2347 bundabat·
358 2318 393 2347 P.
477 2318 519 2347 ‘22
547 2313 642 2357 uvis]
669 2313 775 2346 uui=ws
802 2317 838 2354 P,
866 2312 974 2346 huius
1001 2316 1039 2346 V.
1122 2316 1165 2345 ⁴23
1193 2312 1320 2355 habet]
1349 2311 1436 2345 abet
1454 2315 1490 2344 L.

140 2366 183 2395 ‘24
211 2361 353 2407 tepore]
382 2367 547 2405 tempore
574 2365 608 2394 P.
709 2364 751 2394 26
780 2360 1092 2405 Phrataphernes]
1121 2359 1377 2404 phratafernes
1404 2363 1436 2392 C.
