1610 2522
9 230 58 266 18

26 776 59 801 10

26 1073 59 1098 15

27 1370 60 1394 20

371 116 704 151 HISTORIARUM
730 115 1011 150 ALEXANDRI
1039 116 1081 158 X,
1108 119 1139 149 ὅ,
1351 115 1436 156 373

167 226 238 280 Et,
267 226 452 279 hercule,
483 226 592 266 iuste
626 224 951 265 aestimantibus
977 238 1118 279 regem
1146 225 1293 278 liquet,
1325 224 1438 265 bona
1464 235 1472 248 ⁶
1499 236 1505 242 ·

79 288 254 327 naturae
286 286 377 326 eius
409 285 553 337 fuisse,
585 284 689 324 vitia
721 283 788 324 vel
820 285 1017 324 fortunae
1051 284 1118 324 vel
1150 284 1312 324 aetatis.
1359 282 1437 324 Vis

80 344 341 386 incredibilis
368 344 510 396 animi,
538 343 697 385 laboris
724 344 932 397 patientia
957 343 1266 397 propemodum
1293 343 1438 397 nimia,

79 404 286 446 fortitudo
331 418 416 445 non
460 404 571 444 inter
614 417 734 458 reges
779 402 905 443 modo
951 404 1180 456 excellens,
1223 402 1291 443 sed
1327 403 1437 442 inter

80 464 178 505 illos
211 477 397 518 quoque,
431 477 611 517 quorum
644 462 747 502 haec
780 461 870 503 sola
901 462 1036 502 virtus
1069 462 1168 516 fuit,
1201 461 1436 503 liberalitas

80 537 204 577 saepe
240 524 398 564 maiora
428 522 632 575 tribuens,
665 536 791 575 quam
824 536 848 562 a
875 521 938 562 dis
964 523 1182 575 petuntur,
1215 521 1438 562 clementia

80 583 123 623 in
165 582 372 634 devictos,
415 583 481 622 tot
513 595 644 636 regna
685 583 758 621 aut
801 580 982 635 reddita,
1025 580 1180 634 quibus
1226 581 1439 621 ademerat

80 642 192 683 bello
227 644 299 682 aut
333 641 443 682 dono
477 640 585 695 data,
620 640 788 693 mortis,
822 640 941 682 cuius
975 642 1112 680 metus
1148 642 1309 682 ceteros
1344 654 1436 680 exa-

79 701 226 754 nimat,
258 703 464 755 perpetua
496 700 769 753 contemptio,
803 700 963 754 gloriae
996 699 1217 753 laudisque
1251 702 1296 739 ut
1323 700 1437 740 iusto

80 761 213 801 maior
258 759 429 813 cupido,
474 759 535 800 ita
578 759 623 799 in
660 759 812 799 iuvene
850 761 891 799 et
929 759 974 799 in
1012 760 1143 799 tantis
1175 758 1441 813 neglegenda

79 819 218 871 rebus,
249 819 334 860 iam
367 819 503 873 pietas
529 833 630 873 erga
656 821 863 871 parentes,
896 832 1076 871 quorum
1099 816 1351 872 Olympiada
1378 818 1439 859 in-

79 879 333 920 mortalitati
360 892 603 919 consecrare
631 877 884 930 decreverat,
917 877 1167 932 Philippum
1194 879 1309 918 ultus
1337 880 1438 931 erat,

79 939 163 979 iam
196 938 239 978 in
273 952 418 979 omnes
451 937 537 977 iere
571 937 729 977 amicos
762 936 1018 992 benignitas,
1050 951 1149 991 erga
1182 937 1339 978 milites
1370 936 1438 977 be-

78 997 329 1051 nivolentia,
371 996 596 1038 consilium
629 1011 706 1049 par
736 996 1022 1051 magnitudini
1054 996 1183 1037 animi
1218 999 1277 1050 et,
1310 1010 1438 1049 quan—

80 1061 166 1097 tam
198 1056 270 1096 vix
301 1058 469 1111 poterat
502 1058 615 1096 aetas
649 1056 738 1097 eius
773 1069 932 1110 capere,
967 1056 1168 1107 sollertia,
1200 1056 1350 1096 modus
1378 1055 1437 1095 in-

78 1115 340 1157 modicarum
374 1115 675 1169 cupiditatum,
718 1115 880 1156 veneris
914 1115 1024 1156 intra
1057 1115 1249 1156 naturale
1280 1115 1438 1156 deside-

79 1175 190 1215 rium
231 1189 333 1216 usus
372 1189 448 1216 nec
486 1176 574 1216 ulla
605 1174 687 1215 nisi
720 1188 771 1214 ex
804 1175 1012 1228 permisso
1047 1174 1244 1228 voluptas
1278 1174 1437 1229 ingenii

79 1235 273 1288 profecto
307 1234 426 1276 dotes
459 1237 587 1274 erant.
651 1233 731 1274 llla
762 1233 977 1274 fortunae:
1011 1234 1073 1275 dis
1107 1248 1288 1287 aequare
1322 1248 1364 1274 se
1399 1236 1440 1274 et

80 1293 279 1335 caelestes
314 1293 498 1334 honores
531 1307 744 1334 accersere
777 1295 819 1333 et
850 1293 953 1334 talia
985 1293 1260 1334 suadentibus
1295 1306 1437 1334 oracu-

79 1353 133 1394 lis
173 1353 339 1394 credere
381 1355 423 1394 et
455 1352 784 1407 dedignantibus
817 1354 1008 1393 venerari
1042 1353 1183 1407 ipsum
1217 1352 1439 1393 vehemen-

79 1411 177 1465 tius,
211 1427 337 1465 quam
370 1427 447 1465 par
479 1415 600 1465 esset,
633 1411 770 1464 irasci,
801 1412 845 1452 in
879 1415 1099 1453 externum
1130 1411 1325 1452 habitum
1350 1427 1439 1453 mu-

80 1474 168 1512 tare
195 1471 384 1526 corporis
411 1472 585 1523 cultum,
613 1471 772 1512 imitari
793 1470 1053 1512 devictarum
1075 1472 1266 1526 gentium
1287 1485 1438 1524 mores,

80 1545 186 1584 quos
231 1533 327 1571 ante
372 1530 596 1572 victoriam
642 1532 868 1584 spreverat.
936 1529 1048 1572 Nam
1094 1530 1354 1572 iracundiam
1398 1533 1440 1571 et

80 1589 319 1643 cupidinem
353 1589 442 1630 vini
477 1590 602 1632 sicuti
636 1590 808 1630 iuventa
841 1590 1108 1643 inritaverat,
1151 1590 1211 1630 ita
1244 1592 1438 1632 senectus

26 1666 41 1690 ε
78 1649 276 1703 mitigare
317 1650 541 1703 potuisset.
605 1648 840 1690 Fatendum
882 1652 945 1690 est
978 1652 1139 1702 tamen,
1181 1664 1276 1690 cum
1309 1649 1438 1703 pluri-

179 1756 197 1786 3
218 1753 419 1799 patientia]
440 1753 629 1798 pacientia
644 1756 702 1786 BL
723 1765 836 1798 m.pr.
853 1757 925 1787 PV.
1003 1757 1021 1787 6
1044 1753 1211 1787 tribuens
1233 1755 1437 1788 Bentleius:

79 1800 280 1834 tribuentis
300 1804 340 1834 A.
452 1805 469 1834 7
498 1801 578 1847 aut]
598 1801 700 1835 haud
720 1805 755 1834 P.
871 1801 1061 1835 ademerat
1082 1802 1286 1836 Bentleius:
1308 1802 1439 1835 eadem

81 1850 161 1881 erat
186 1851 224 1890 P,
251 1848 483 1883 eademserat
509 1853 542 1882 c.
650 1852 670 1882 8
696 1848 833 1894 metus]
861 1848 969 1882 detus
995 1852 1034 1882 V.
1147 1852 1165 1882 9
1195 1849 1438 1894 contemptio]

81 1894 270 1930 contentio
297 1899 367 1929 FP.
468 1898 511 1930 10
537 1895 576 1929 in
601 1895 734 1930 iuvene
761 1897 920 1940 Ieepe'us:
954 1898 997 1929 ut
1022 1896 1149 1929 iuueni
1175 1899 1215 1930 A.
1313 1895 1439 1941 negle-

80 1942 203 1987 genda
223 1944 368 1987 scripsi:
391 1954 458 1977 nec
479 1942 687 1977 amittenda
701 1947 739 1976 A.
830 1948 869 1977 11
888 1942 1115 1987 Olympiada
1127 1947 1153 1976 B
1169 1955 1212 1977 m.
1229 1955 1310 1978 sec:
1334 1943 1439 1977 olim-

81 1989 196 2034 piada
221 1993 261 2023 A.
384 1989 663 2036 inmortalitati]
696 1989 967 2025 inmortalitate
993 1995 1028 2025 P.
1153 1995 1195 2025 12
1224 2001 1439 2025 consecrare

82 2037 310 2083 decreverat]
338 2040 621 2072 consecrauerat
641 2041 678 2071 F.
758 2037 876 2083 ultus]
897 2038 1024 2071 uultus
1045 2042 1071 2072 F
1092 2050 1135 2072 m.
1152 2050 1210 2082 pr.
1298 2043 1340 2072 15
1368 2038 1439 2072 sol-

78 2083 203 2130 lertia]
240 2083 443 2119 sollertiam
471 2088 514 2126 B,
551 2084 702 2120 solertia
733 2089 776 2124 P,
813 2085 983 2120 sollercia
1016 2089 1041 2118 L
1073 2097 1118 2120 m.
1139 2098 1197 2130 pr.
1306 2086 1438 2120 modus

80 2132 222 2166 Lauer:
244 2132 397 2166 modum
417 2135 456 2166 A.
528 2136 569 2166 17
591 2132 733 2178 ingenii
755 2134 965 2168 Acidalius:
986 2133 1157 2178 ingentes
1178 2137 1217 2166 A.
1295 2136 1337 2167 18
1354 2144 1439 2177 pro-

80 2178 194 2224 fecto]
221 2179 410 2223 praefecto
431 2183 466 2213 P.
542 2181 661 2225 erant]
684 2182 765 2214 erat
783 2184 819 2214 P.
911 2180 966 2214 dis
994 2180 1168 2226 aequare]
1197 2180 1252 2214 dis
1280 2191 1438 2227 eequare

80 2229 106 2259 P
128 2238 170 2260 m.
186 2238 245 2270 pr.
345 2230 389 2261 20
417 2226 723 2273 dedignantibus]
753 2227 1027 2262 declinantibus
1054 2231 1090 2261 L.
1206 2231 1247 2261 21
1276 2228 1438 2273 mutare]

79 2275 223 2307 matare
242 2277 268 2306 P
287 2285 331 2307 m.
346 2286 420 2318 pr„
438 2274 572 2308 mitare
593 2278 618 2307 L
638 2287 683 2309 m.
697 2286 758 2318 pr.
843 2278 886 2308 22
908 2274 1063 2320 imit-ari]
1084 2275 1251 2308 himitari
1271 2279 1296 2308 P
1319 2287 1360 2308 m.
1378 2286 1437 2318 pr.

83 2324 124 2354 23
153 2331 244 2365 quos
271 2325 304 2354 1:
332 2333 424 2365 quas
451 2325 489 2355 A.
590 2325 633 2355 24
661 2322 735 2355 vini
762 2322 887 2367 sicuti]
914 2322 1011 2356 uinis
1039 2322 1137 2356 ecuti
1164 2326 1199 2355 F.
1300 2322 1369 2367 ita]
1396 2324 1439 2355 ut

83 2378 104 2402 a·
129 2371 155 2401 B
176 2379 220 2402 m.
235 2380 294 2412 pr.

1465 474 1507 502 ‘25

1465 651 1506 680 ⁶29

1466 829 1508 859 30

1466 948 1507 978 31

1465 1066 1509 1096 32

1466 1245 1485 1275 3
1490 1246 1508 1275 3

1467 1542 1510 1572 34

1466 1660 1508 1690 35
