1610 2522
319 96 653 131 HISTORIAM‘M
682 96 961 130 ALEXANDffl
994 96 1068 137 Vll,
1098 99 1139 130 10
1178 100 1227 129 11.
1361 96 1444 135 247

96 207 268 248 levitate
306 220 531 260 corporum
573 208 613 247 et
652 206 798 247 ardore
837 205 1074 246 animorum
1118 207 1288 245 strenue
1321 204 1449 245 addu-

98 269 208 306 cunt.
260 267 374 315 Quos
402 266 570 306 intuens
599 280 688 306 rex:
717 264 996 317 ‘Vobiscum’,
1030 265 1181 318 iuquit,
1209 264 1248 304 ‘o
1277 264 1448 304 iuvenes

97 329 138 366 et
182 326 263 366 mei
308 326 522 378 ac<1ualeS‚
566 325 735 366 urbium
780 325 1034 366 invictarum
1077 326 1173 364 ante
1212 338 1278 364 me
1314 324 1448 364 muni-

96 387 239 426 menta
282 384 497 438 superavi,
541 384 750 425 montium
797 384 896 439 iuga
939 384 1115 438 perenni
1160 384 1256 423 nive
1296 383 1450 423 obruta

61 459 290 486 5emensus
329 458 440 496 sum,
484 444 702 498 angustias
741 442 914 485 Ciliciae
954 443 1126 497 intravi,
1176 441 1320 483 Indiae
1360 443 1448 483 sine

96 503 344 545 lassitudine
378 503 461 544 vim
494 503 666 559 frigoris
700 518 792 544 sum
825 518 1063 558 perpessus.
1120 502 1177 542 Et
1208 503 1292 543 mei
1325 502 1447 543 docu-

96 566 238 604 menta
270 563 392 603 vobis
428 562 523 603 dedi
556 566 598 603 et
632 566 769 604 vestra
801 562 946 604 habeo.
1010 562 1148 615 Petra,
1182 576 1307 615 quam
1340 561 1451 602 vide·
1478 574 1496 602 ε)

96 624 163 675 tis,
196 637 326 663 unum
361 622 522 663 aditum
549 621 689 672 habet,
723 637 847 676 quem
876 622 1045 663 barbari
1072 621 1278 674 obsident,
1312 623 1449 662 cetera

97 683 348 737 neglegunt:
382 683 522 722 nullae
555 681 726 737 vigiliae
757 685 867 735 sunt,
899 682 981 722 nisi
1009 695 1115 734 quae
1143 683 1279 722 castra
1303 683 1451 721 nostra

44 758 76 783 ιο
97 744 300 796 spectant.
362 740 593 782 Invenietis
632 742 759 795 viam,
806 742 838 782 si
883 743 1077 782 sollerter
1108 740 1252 781 rimati
1284 740 1451 781 fueritis
1480 752 1521 782 10

44 1055 76 1080 15

25 1337 74 1373 42

44 1412 75 1436 21

96 801 235 842 aditus
261 800 435 842 ferentis
463 800 515 840 ad
541 815 751 842 cacumen.
803 800 925 841 Nihil
954 803 1040 841 tam
1068 801 1151 840 alte
1178 802 1329 840 natura
1356 814 1452 841 con-

97 861 249 913 stituit,
282 874 365 914 quo
400 861 534 900 virtus
567 875 653 902 non
686 860 821 915 possit
854 860 968 901 eniti.
1028 859 1312 913 Experiendo,
1345 874 1452 913 quae

97 919 225 961 ceteri
247 920 586 973 desperaverunt,
612 920 759 961 Asiam
780 920 985 961 habemus
1007 919 1049 959 in
1070 921 1292 972 potestate.
1344 918 1453 959 Eva—
1482 932 1518 960 11

97 979 182 1020 dite
228 979 270 1019 in
315 993 532 1020 cacumen:
579 979 691 1033 quod
732 994 827 1021 cum
865 978 1079 1033 ceperitis,
1126 978 1315 1020 candidis
1347 979 1451 1019 velis

98 1039 267 1093 signum
295 1038 401 1079 mihi
429 1038 604 1080 dabitis:
632 1053 710 1094 ego
739 1039 871 1093 copiis
899 1039 1080 1079 admotis
1106 1037 1272 1079 hostem
1302 1038 1345 1078 in
1375 1052 1452 1078 nos

97 1113 120 1138 a
163 1097 286 1139 vobis
332 1100 587 1139 convertam.
656 1098 899 1139 Praemium
946 1098 1024 1140 erit
1070 1097 1126 1150 ei,
1171 1097 1243 1151 qui
1290 1097 1452 1151 primus
1481 1110 1523 1140 12

97 1158 368 1211 occupaverit
394 1157 609 1212 verticem,
636 1159 797 1199 talenta
822 1173 862 1211 x,
888 1172 972 1199 uno
1000 1157 1140 1198 minus
1168 1156 1359 1211 accipiet,
1380 1157 1452 1210 qui

96 1217 316 1271 proximus
349 1216 385 1257 ei
419 1217 593 1270 venerit,
627 1218 856 1271 eademque
889 1217 941 1258 ad
974 1217 1117 1258 decem
1149 1216 1344 1257 homines
1372 1231 1453 1257 ser-

97 1276 266 1318 vabitur
298 1277 452 1330 portio.
517 1275 687 1318 Certum
721 1280 862 1317 autem
895 1276 1030 1318 habeo
1064 1290 1139 1317 vos
1172 1290 1259 1317 non
1291 1279 1378 1316 tam
1404 1275 1453 1317 li-

96 1335 364 1377 beralitatem
398 1335 554 1377 intueri
587 1351 722 1377 meam
757 1351 884 1390 quam
917 1336 1209 1377 voluntatem'.
1262 1335 1340 1376 His
1368 1335 1454 1376 ani·
1484 1349 1524 1378 13

98 1396 178 1436 mis
216 1410 359 1450 regem
398 1396 640 1449 audierunt,
684 1398 732 1436 ut
770 1397 853 1437 iam
900 1395 1062 1449 cepisse
1102 1394 1303 1436 verticem
1342 1394 1454 1435 vide-

98 1458 261 1496 rentur:
319 1455 568 1509 dimissique
613 1456 772 1496 ferreos
818 1470 991 1508 cuneos,
1049 1469 1155 1508 quos
1201 1455 1311 1495 inter
1355 1469 1455 1495 saxa

100 1514 348 1569 defigerent,
394 1515 642 1568 validosque
686 1515 808 1555 funes
854 1514 1071 1568 parabant.
1143 1514 1234 1555 Rex
1279 1513 1454 1555 circum·
1484 1527 1525 1556 14

99 1577 246 1615 vectus
279 1576 456 1627 petram,
489 1589 572 1628 qua
604 1574 780 1615 minime
812 1589 935 1628 asper
961 1588 1007 1614 ac
1034 1576 1286 1628 praeruptus
1315 1573 1454 1614 aditus

47 1666 59 1674 .
99 1632 335 1685 videbatur,
368 1633 549 1674 secunda
580 1633 739 1689 vigilia,
773 1634 886 1688 quod
919 1634 1024 1674 bene
1056 1635 1251 1687 verteret,
1290 1632 1454 1688 ingredi

100 1692 228 1732 iubet.
292 1690 361 1733 Illi
395 1693 607 1734 alimentis
641 1694 684 1733 in
717 1693 893 1734 biduum
927 1694 1110 1747 sumptis
1143 1692 1297 1748 gladiis
1329 1692 1454 1734 modo

100 1754 227 1805 atque
266 1751 399 1792 hastis
438 1752 590 1792 armati
630 1753 773 1793 subire
811 1756 1052 1806 coeperunt.
1115 1751 1178 1793 Ac
1215 1753 1353 1805 primo
1387 1767 1456 1806 pe-
1486 1766 1525 1795 15

101 1810 223 1851 dibus
251 1811 432 1866 ingressi
459 1814 575 1852 sunt:
610 1812 770 1862 deinde,
803 1815 850 1853 ut
881 1812 922 1852 in
950 1814 1178 1866 praerupta
1204 1813 1453 1865 perventum

101 1873 177 1923 est,
198 1871 271 1911 alii
291 1870 488 1911 manibus
510 1871 739 1912 eminentia
760 1886 860 1912 saxa
884 1870 1079 1926 conplexi
1098 1872 1285 1912 levavere
1312 1873 1455 1923 semet,

198 2026 217 2056 3
256 2022 495 2069 invictarum]
534 2023 760 2058 inuietarum
799 2028 838 2058 V.
987 2026 1071 2058 ante
1110 2035 1169 2058 me
1207 2027 1249 2057 P:
1296 2024 1382 2057 ante
1422 2028 1454 2056 C.

104 2073 121 2102 7
149 2069 286 2115 habeo]
314 2070 405 2104 abeo
431 2074 469 2104 V.
607 2074 626 2105 8
654 2072 779 2117 quem]
808 2084 919 2116 quam
945 2075 980 2105 P.
1119 2076 1161 2105 10
1189 2070 1372 2116 sollerter]
1400 2082 1456 2105 so-

103 2117 215 2151 lerter
240 2121 277 2151 F.
402 2123 442 2151 11
471 2119 664 2164 cacumen]
699 2130 901 2154 caucumen
933 2123 968 2153 P.
1091 2123 1132 2153 13
1167 2118 1456 2162 desperaverunt

105 2165 327 2199 Frobenius:
365 2166 645 2209 desperauerint
673 2170 712 2199 A.
861 2171 903 2200 14
938 2166 1126 2211 ceperitis]
1160 2166 1356 2210 coeperitis
1386 2168 1455 2199 BP.

108 2215 148 2245 16
177 2223 197 2245 a
223 2212 342 2258 vobis]
371 2213 418 2246 ad
443 2213 551 2247 uobis
572 2217 607 2247 P.
685 2218 725 2247 17
755 2215 916 2258 accipiet
935 2218 976 2248 P:
1005 2214 1167 2258 accipiat
1193 2218 1225 2246 c.
1303 2218 1344 2246 1¹.)
1374 2215 1456 2246 Cer-

106 2262 184 2292 tum
205 2260 425 2294 Frobemssus:
454 2263 615 2294 ceterum
643 2264 681 2294 A.
776 2265 819 2294 20
847 2261 997 2306 animis]
1025 2261 1169 2295 animus
1195 2265 1230 2294 P.
1331 2265 1373 2294 ‘22
1402 2261 1456 2293 di-

105 2306 298 2351 missique]
327 2307 522 2351 dimisique
537 2311 606 2341 FP.
695 2312 737 2341 ‘24
758 2310 921 2354 petram]
942 2311 1046 2352 petra
1064 2313 1096 2342 C.
1183 2308 1273 2353 qua]
1295 2319 1405 2351 quam
1421 2312 1454 2340 P.

108 2358 148 2387 27
166 2355 383 2400 coeperunt]
410 2357 587 2399 ceperunt
608 2359 639 2389 C.
739 2361 781 2390 29
810 2355 971 2392 levavere
999 2357 1235 2400 lsayenerns:
1266 2355 1390 2388 leuare
1417 2359 1454 2387 A.
