1610 2522
131 115 216 155 326
642 118 681 155 Q.
710 114 854 148 CUltTI
879 114 992 148 RUFI

84 234 104 264 5
131 223 307 265 adverso
336 223 648 279 ingerebantur,
676 222 902 276 excipiens.
949 222 1058 263 Nam
1086 237 1182 264 cum
1210 223 1487 278 [comminus]

131 297 263 323 unum
297 283 444 336 procul
477 285 542 323 tot
575 297 725 323 manus
759 285 964 336 peterent,
996 297 1120 323 nemo
1147 286 1287 323 tamen
1316 283 1490 324 auderet

130 342 308 397 propius
342 342 549 395 accedere,
583 341 761 383 missilia
794 342 920 382 ramis
955 341 1079 395 plura
1109 357 1235 396 quam
1265 342 1401 396 clipeo
1431 342 1489 383 in-

85 413 103 442 (3
132 401 338 442 cidebant.
402 400 627 456 Pugnabat
663 415 738 454 pro
771 415 869 454 rege
902 402 1087 455 primum
1125 401 1322 443 celebrati
1355 402 1490 443 nomi·

129 461 195 502 nis
229 461 359 513 fama,
393 461 542 501 deinde
577 459 835 514 desperatio,
875 475 1077 516 magnum
1110 460 1162 501 ad
1194 460 1371 502 honeste
1403 475 1490 502 mo·
1529 478 1543 503 5

84 531 102 561 7
131 520 324 561 riendum
372 519 707 561 incitamentum.
772 518 854 560 Sed
898 534 992 561 cum
1032 519 1211 561 subinde
1252 519 1388 561 hostis
1422 519 1489 561 ad-

131 580 298 629 flueret,
344 579 427 619 iam
474 580 688 634 ingentem
736 579 818 619 vim
860 579 1042 620 telorum
1083 583 1308 633 exceperat
1341 579 1490 633 clipeo,

133 639 215 679 iam
262 639 429 694 galeam
474 653 575 679 saxa
620 638 931 693 perfregerant,
976 639 1058 679 iam
1105 639 1306 681 continuo
1346 639 1490 680 labore

85 713 104 735 κ
132 701 309 753 gravata
341 712 480 753 genua
513 698 788 739 succiderant.
851 696 1001 752 Itaque
1043 699 1323 752 contemptim
1357 701 1399 739 et
1431 699 1490 739 in-

133 761 266 810 caute,
293 758 367 811 qui
393 758 577 811 proximi
605 760 821 809 steterant,
849 758 1135 798 incurrerunt:
1163 772 1184 798 e
1205 758 1360 811 quibus
1385 757 1491 799 duos
1513 774 1546 799 ιο

131 817 274 872 gladio
308 817 366 857 ita
400 816 578 870 excepit,
612 819 658 857 ut
691 820 788 858 ante
821 816 959 870 ipsum
995 817 1211 858 exanimes
1244 817 1491 871 procumbe-

131 879 234 917 rent.
316 875 406 917 Nec
456 876 651 930 cuiquam
699 876 849 916 deinde
897 877 1068 930 propius
1115 876 1349 917 incessendi
1395 891 1491 917 eum

85 948 102 977 υ
131 937 298 976 animus
331 936 431 976 fuit:
464 936 613 990 procul
646 936 782 976 iacula
815 935 1078 990 sagittasque
1111 935 1351 976 mittebant.
1414 934 1492 977 Ille
1513 938 1563 974 20

130 995 179 1035 ad
228 1010 374 1035 omnes
414 995 522 1036 ictus
563 995 782 1048 expositus
816 1010 901 1035 non
934 1009 1057 1049 aegre
1089 998 1233 1036 tamen
1265 997 1490 1049 exceptum

130 1054 366 1109 poplitibus
400 1069 555 1108 corpus
588 1054 799 1106 tuebatur,
835 1054 968 1095 donec
999 1053 1129 1095 Indus
1163 1055 1342 1095 duorum
1377 1053 1492 1095 cubi·
1514 1070 1546 1096 ιε

131 1117 270 1155 torum
319 1114 519 1168 sagittam
560 1139 616 1142 —
657 1128 840 1167 namque
872 1113 1007 1159 Indis,
1053 1118 1100 1154 ut
1139 1116 1262 1155 antea
1295 1113 1492 1166 diximus,

130 1173 258 1214 huius
299 1173 606 1228 magnitudinis
649 1173 832 1228 sagittae
866 1175 983 1214 erant
1017 1198 1073 1202 —
1107 1173 1165 1214 ita
1199 1173 1401 1226 excussit,
1447 1175 1493 1214 ut

131 1247 206 1286 per
252 1232 470 1273 thoracem
510 1232 685 1287 paulum
726 1246 854 1287 super
891 1233 1002 1274 latus
1045 1232 1242 1273 dextrum
1285 1233 1492 1287 infigeret.

62 1304 103 1334 10
132 1291 224 1340 Quo
258 1292 432 1333 vulnere
465 1292 660 1333 adflictus
694 1306 848 1347 magna
880 1292 922 1332 vi
950 1292 1168 1346 sanguinis
1195 1292 1403 1333 emicante
1431 1305 1492 1332 re-

132 1351 249 1393 misit
281 1367 397 1392 arma
431 1351 685 1392 moribundo
714 1351 865 1392 similis
893 1351 1082 1405 adeoque
1109 1351 1334 1405 resolutus,
1367 1354 1414 1392 ut
1440 1365 1492 1392 ne
1514 1367 1548 1392 πο

64 1423 103 1453 11
133 1411 185 1451 ad
218 1411 460 1453 vellendum
505 1411 676 1464 quidem
710 1412 841 1451 telum
877 1411 1091 1452 sufficeret-
1124 1411 1280 1452 dextra.
1344 1409 1493 1464 Itaque

133 1470 184 1511 ad
219 1470 492 1524 spoliandum
527 1484 693 1524 corpus,
727 1470 800 1524 qui
827 1471 1135 1524 vulneraverat,
1169 1471 1306 1511 alacer
1337 1469 1492 1524 gaudio

134 1531 328 1571 accurrit.
393 1529 525 1578 Quem
568 1532 614 1570 ut
651 1530 806 1571 inicere
848 1530 1013 1583 corpori
1057 1544 1133 1570 suo
1168 1544 1317 1570 manus
1351 1529 1494 1581 sensit,

133 1589 275 1642 credo,
316 1589 455 1630 ultimi
491 1589 707 1630 dedecoris
741 1589 997 1644 indignitate
1030 1592 1268 1630 commotus
1301 1588 1494 1642 linquen-

133 1650 219 1688 tem
254 1648 472 1690 revocavit
504 1649 693 1689 animum
727 1651 768 1689 et
800 1648 960 1689 nudum
995 1648 1131 1689 hostis
1158 1648 1270 1689 latus
1296 1647 1494 1688 subrecto
1516 1663 1548 1689 ⁸5

65 1720 107 1750 12
135 1722 338 1749 mucrone
383 1707 537 1748 hausit.
599 1706 800 1749 Iacebant
845 1708 956 1749 circa
1001 1722 1144 1763 regem
1188 1708 1270 1748 tria
1315 1721 1495 1761 corpora

135 1768 283 1820 procul
329 1768 604 1821 stupentibus
651 1767 812 1808 ceteris.
887 1766 964 1808 Ille
1010 1770 1075 1819 ut,
1125 1770 1354 1820 antequam
1399 1766 1495 1806 ulti-

132 1841 226 1867 mus
268 1826 445 1879 spiritus
485 1827 701 1878 deficeret,
744 1827 949 1867 dimicans
984 1829 1128 1867 tamen
1164 1827 1494 1881 extingueretur,

230 1947 245 1976 1
275 1943 512 1988 [comminus]
542 1944 607 1978 del.
631 1944 761 1978 Aldus.
839 1947 857 1976 '2
886 1944 1070 1988 peterent]
1092 1944 1238 1986 peteret
1258 1945 1283 1974 P
1303 1954 1347 1975 m.
1367 1953 1422 1985 pr.

132 1990 288 2024 auderet
316 1991 522 2025 Bentleius:
559 1990 722 2024 audebat
749 1994 787 2024 A.
935 1995 954 2023 3
982 1990 1172 2035 accedere]
1207 1989 1360 2023 acedere
1387 1992 1421 2022 L.

133 2037 267 2083 clipeo]
302 2037 432 2081 clypeo
467 2041 492 2070 B
520 2050 564 2072 m.
584 2050 640 2081 pr.
670 2041 776 2071 LPV.
924 2042 944 2070 4
974 2037 1185 2083 Pugnabat]
1222 2036 1443 2081 pugnabant
1470 2039 1496 2069 F

134 2097 178 2119 m.
194 2096 252 2129 pr.
275 2088 300 2117 P
323 2097 365 2118 m.
382 2097 440 2129 pr.
557 2089 573 2118 ’ἶ
603 2086 812 2130 exceperat]
842 2085 1031 2128 exciperat
1056 2089 1092 2118 P.
1201 2084 1335 2129 clipeo]
1363 2083 1495 2127 clypeo

133 2135 159 2165 B
181 2144 225 2166 m.
245 2144 299 2176 pr.
321 2136 426 2167 LPV.
529 2136 547 2165 9
574 2136 728 2176 gravata
755 2136 797 2165 P:
832 2133 964 2176 grauia
992 2137 1024 2165 c.
1127 2136 1165 2165 11
1196 2131 1342 2176 excepit
1370 2135 1407 2164 C:
1437 2141 1495 2165 ex-

134 2179 225 2223 cipit
240 2183 275 2212 P.
343 2183 384 2213 1‘2
408 2179 500 2225 Nec]
517 2190 560 2214 ne
576 2184 612 2214 F.
680 2184 720 2213 14
738 2181 861 2213 tamen
878 2180 1036 2223 Ieepins:
1053 2179 1126 2212 iam
1141 2182 1179 2212 A.
1244 2182 1286 2212 18
1308 2178 1493 2223 infigeret}

135 2227 299 2260 inficeret
314 2230 423 2260 FPV.
482 2230 525 2260 ‘20
542 2227 722 2272 adeoque]
741 2229 779 2260 at
795 2237 910 2270 eoque
925 2231 961 2267 P,
976 2227 1134 2269 ideoque
1149 2229 1188 2260 V.
1249 2230 1290 2259 ‘31
1308 2226 1440 2259 dextra
1452 2229 1494 2258 P:

134 2275 286 2308 dextera
313 2278 344 2308 c.
433 2279 477 2307 22
505 2274 743 2319 spoliandum
770 2278 811 2307 P:
841 2274 1106 2318 expoliandum
1135 2277 1167 2306 C.
1249 2277 1292 2306 23
1321 2272 1494 2318 accurrit]

135 2322 298 2356 occurrit
319 2325 354 2355 P.
432 2326 475 2355 25
498 2322 669 2356 subrecto
692 2322 902 2356 Acidalius:
931 2321 1099 2355 subiecto
1121 2324 1159 2354 A,
1237 2326 1279 2354 25
1307 2320 1495 2366 deficeret]

136 2370 312 2403 deficerat
339 2372 377 2401 V.
474 2369 670 2414 dimicans]
701 2369 888 2403 demicans
916 2373 951 2402 P.
1044 2371 1168 2402 tamen
1204 2369 1326 2413 Voyel:
1354 2368 1429 2401 iam
1457 2370 1496 2400 Δ.
