1610 2522
158 122 244 163 214
663 120 702 162 Q.
731 120 874 155 CURTI
900 120 1012 155 RUFI

88 243 130 274 13
158 231 310 272 ultimo
339 231 507 285 agmine
534 229 699 270 itineris
727 229 1014 284 multiplicato
1040 229 1186 271 labore
1208 229 1362 270 aderat.
1406 228 1513 271 Tan·

159 289 251 331 dem
285 289 336 330 ad
369 289 460 330 loca
494 288 674 331 cultiora
707 292 957 343 perventum
990 292 1053 330 est
1086 291 1406 342 commeatuque
1434 287 1514 330 lar-

158 363 212 403 go
247 352 457 390 recreatus
491 349 718 389 exercitus:
752 348 879 389 simul
912 351 965 401 et,
999 347 1069 402 qui
1101 347 1302 402 consequi
1328 362 1413 390 non
1441 362 1512 401 po-

158 410 340 460 tuerant,
374 408 415 448 in
451 408 524 449 illa
556 410 692 449 castra
724 410 943 449 venerunt.

90 480 129 510 19
248 467 350 508 Inde
384 482 536 521 agmen
567 467 777 522 processit
808 467 859 507 ad
894 465 1126 508 Caucasum
1159 469 1360 519 montem,
1392 466 1584 508 cuius14

159 526 332 568 dorsum
354 526 501 568 Asiam
534 530 739 580 perpetuo
774 526 873 582 iugo
907 526 1076 567 dividit:
1109 525 1209 567 hinc
1234 526 1362 567 simul
1388 539 1514 577 mare,
1552 543 1567 568 e

158 586 272 640 quod
305 584 498 628 Ciliciam
532 586 660 639 subit,
698 586 818 628 illinc
852 585 1052 640 Caspium
1084 585 1241 627 fretum
1274 587 1315 626 et
1347 599 1512 626 amnem

157 645 329 686 Araxen
366 645 612 699 nobiliaque
650 646 836 699 regionis
871 644 1095 700 Scythicae
1135 645 1297 686 deserta
1339 647 1513 698 spectat.

87 718 130 747 20
158 703 335 757 Taurus,
369 704 574 746 secundae
601 704 909 760 magnitudinis
937 719 1071 758 mom,
1104 704 1390 745 committitur
1409 702 1513 745 Cau-

158 777 272 805 caso:
305 780 329 804 a
363 763 633 819 Cappadocia
666 778 708 806 se
741 766 942 806 attollens
976 763 1168 804 Ciliciam
1200 763 1404 818 praeterit
1437 762 1515 804 Ar·
1537 782 1569 806 ιο

86 837 126 865 :31
158 823 406 878 meniaeque
440 824 658 865 montibus
691 824 895 880 iungitur.
948 822 1016 864 Sic
1048 825 1159 864 inter
1191 838 1234 864 se
1267 824 1366 877 iuga
1397 821 1516 863 velut

159 882 267 924 serie
309 883 578 925 cohaerentia
619 887 872 938 perpetuum
915 883 1072 924 habent
1112 883 1303 936 dorsum,
1348 896 1397 922 ex
1431 896 1514 936 quo

156 941 286 983 Asiae
320 943 463 984 omnia
494 942 582 984 fere
616 943 803 996 flumina,
835 942 918 984 alia
950 942 993 983 in
1021 942 1228 994 Rubrum,
1259 941 1344 983 alia
1375 942 1419 982 in
1441 940 1514 982 Ca-

159 1002 300 1055 spium
334 1016 458 1052 mare,
492 1001 576 1044 alia
607 1003 651 1043 in
680 1002 942 1056 Hyrcanium
978 1005 1020 1043 et
1045 1001 1271 1042 Ponticum
1306 1000 1514 1042 decidunt.

87 1073 130 1103 22
158 1072 257 1102 XVII
290 1061 453 1103 dierum
487 1062 626 1116 spatio
649 1061 882 1104 Caucasum
916 1061 1133 1115 superavit
1165 1062 1386 1102 exereitus.
1431 1059 1516 1100 Ru-
1538 1079 1568 1104 15

158 1135 233 1174 pes
265 1121 310 1162 in
343 1136 392 1162 eo
426 1133 456 1161 Χ
488 1121 531 1162 in
561 1121 740 1163 circuitu
768 1121 903 1162 stadia
931 1120 1225 1175 conplectitur,
1258 1131 1325 1160 1111
1352 1120 1397 1160 in
1423 1119 1515 1160 alti-

158 1179 350 1221 tudinem
384 1180 561 1234 excedit,
595 1181 638 1222 in
671 1195 754 1235 qua
785 1181 974 1222 vinctum
996 1179 1252 1221 Promethea
1282 1179 1413 1220 fuisse
1446 1193 1515 1219 an-

88 1252 130 1281 -23
158 1239 337 1294 tiquitas
370 1240 557 1281 tradidit.
611 1239 862 1282 Condendae
901 1241 943 1280 in
976 1239 1189 1281 radicibus
1222 1239 1380 1280 montis
1419 1237 1515 1279 urbi

159 1298 277 1340 sedes
291 1300 423 1341 electa
445 1302 518 1341 est.
541 1312 605 1340 VII
620 1299 792 1341 milibus
813 1299 1083 1341 subactarum
1107 1299 1330 1339 nationum
1345 1301 1386 1339 et
1401 1312 1514 1352 prae-

157 1360 274 1400 terea
306 1358 528 1412 militibus,
561 1373 742 1414 quorum
777 1374 904 1414 opera
936 1359 1000 1400 uti
1033 1359 1222 1410 desisset,
1261 1357 1514 1412 permissum
1536 1376 1569 1399 20

157 1419 202 1459 in
240 1433 351 1459 nova
388 1418 494 1459 urbe
534 1419 764 1460 considere.
836 1417 955 1458 Hanc
996 1432 1164 1472 quoque
1209 1417 1515 1458 Alexandream

159 1477 322 1520 incolae
356 1480 687 1532 appellaverunt.

86 1541 136 1574 IV
251 1536 311 1578 At
331 1537 486 1578 Bessus
507 1537 739 1579 Alexandri
760 1537 973 1578 celeritate
1000 1537 1250 1591 perterritus
1276 1535 1339 1577 dis
1365 1535 1515 1589 patriis
1538 1540 1585 1575 15

159 1596 368 1637 sacrificio
401 1597 480 1638 rite
525 1597 652 1651 facto,
692 1597 802 1638 sicut
835 1596 921 1637 illis
952 1596 1153 1652 gentibus
1187 1609 1278 1636 mos
1311 1598 1386 1648 est,
1418 1608 1514 1635 cum

255 1764 274 1793 2
302 1762 600 1807 commeatuque]
622 1763 868 1805 cumeatuque
887 1764 958 1795 PV.
1035 1764 1054 1794 3
1082 1762 1279 1805 potuerant
1301 1759 1512 1794 Acidaliae:

158 1809 333 1851 poterant
353 1811 391 1842 A.
493 1813 511 1842 5
540 1808 761 1854 Caucasum]
789 1819 940 1842 causum
961 1812 986 1841 L
1007 1820 1052 1842 m.
1067 1819 1140 1852 pr.5
1167 1817 1318 1841 causam
1345 1810 1373 1839 V
1395 1818 1437 1840 m.
1458 1817 1513 1850 pr.

160 1858 180 1887 6
208 1854 310 1900 hinc]
339 1855 447 1890 Hunc
474 1860 510 1890 F.
588 1860 604 1888 Τ
635 1855 819 1901 Ciliciam]
848 1855 1003 1889 cilitiam
1030 1859 1069 1889 V.
1145 1856 1182 1889 et
1208 1854 1371 1900 amnem]
1401 1854 1514 1887 etiam

158 1914 243 1936 nem
269 1906 305 1935 P.
415 1907 434 1937 8
462 1903 681 1947 nobiliaque
705 1905 852 1948 scripsi:
881 1906 918 1937 et
945 1903 1019 1937 alia
1046 1914 1141 1947 quae
1167 1906 1208 1943 P,
1237 1901 1384 1946 aliaque
1412 1905 1444 1934 C.

161 1949 357 1993 Scythicae
383 1951 529 1995 scripSzt:
564 1951 731 1995 scythiae
759 1954 799 1993 P,
834 1950 991 1984 scithiae
1018 1955 1049 1984 C.
1174 1953 1193 1983 9
1221 1947 1401 1994 Caucaso]
1429 1960 1515 1982 cau-

160 2008 242 2032 saso
263 2000 289 2030 B
309 2010 353 2032 m.
370 2010 441 2042 pr„
470 2000 506 2033 in
529 2002 590 2031 LV
611 1999 764 2033 alterum
785 2011 803 2031 c
827 2000 863 2032 in
887 2009 957 2032 ras.
1035 2001 1078 2031 10
1105 1996 1356 2041 Cappadocia]
1379 2006 1514 2040 cappa-

159 2044 263 2079 ‹lo'tia
278 2049 346 2079 LP.
416 2044 601 2092 Ciliciam]
616 2045 771 2080 cilitiam
788 2049 826 2079 V.
898 2051 936 2079 11
955 2044 1071 2091 velut]
1086 2044 1199 2079 uelud
1213 2048 1249 2077 F.
1326 2047 1368 2078 1⁵2
1385 2053 1514 2088 perpe-

159 2093 281 2138 tuum]
316 2094 488 2136 partuum
513 2097 552 2127 V.
677 2094 842 2139 dorsum]
877 2093 986 2127 dorsu
1013 2096 1052 2126 V.
1178 2095 1219 2126 13
1246 2090 1339 2136 fere]
1373 2090 1450 2124 fera
1477 2094 1511 2124 Ρ.

162 2144 204 2173 14
242 2139 486 2187 Hyrcanium]
521 2141 726 2185 hyrcanum
758 2144 794 2174 F.
967 2139 1177 2185 Ponticum]
1213 2138 1443 2183 potenticum
1475 2141 1512 2172 F.

163 2191 204 2220 15
234 2188 324 2233 xvn]
346 2188 560 2232 quindecim
580 2192 620 2222 V.
711 2192 751 2222 16
779 2188 816 2233 x]
845 2199 887 2222 ex
908 2192 933 2221 P
956 2200 999 2221 m.
1019 2199 1085 2231 pr„
1113 2187 1240 2221 decem
1260 2189 1300 2220 V.
1371 2189 1412 2220 17
1441 2196 1511 2229 qua

167 2235 400 2270 Vinrlelz'nus:
429 2248 500 2281 quo
527 2240 566 2270 A.
669 2240 710 2269 16
736 2234 894 2269 tradidit
919 2239 960 2268 P:
988 2235 1104 2268 tradit-
1130 2238 1163 2268 c.
1271 2237 1313 2267 19
1340 2233 1512 2267 subacta-

160 2294 241 2315 rum
268 2283 461 2317 nationum
480 2285 627 2329 scripsi:
655 2283 840 2318 seniorum
867 2283 1111 2316 macedonum
1132 2285 1170 2315 A.
1271 2285 1315 2315 20
1342 2280 1513 2373 desisset]

160 2330 330 2364 dississct
350 2334 385 2364 P.
463 2335 506 2366 ‘21
529 2342 623 2366 nova
641 2330 732 2365 urbe
752 2334 785 2364 1:
810 2342 942 2365 novam
964 2330 1090 2365 urbem
1112 2333 1150 2363 A.
1226 2328 1495 2363 Alexandream

160 2376 414 2412 alexandriam
441 2382 504 2412 FV
525 2391 567 2413 m.
584 2390 643 2424 pr.
744 2381 786 2412 23
814 2378 878 2424 At]
905 2377 951 2412 ad
978 2382 1014 2411 L.
