1610 2522
44 765 77 790 10

45 1062 76 1087 15

44 1360 77 1383 520

44 1655 76 1680 25

349 104 682 140 HISTORIARL'M
709 104 994 139 ALEXANDRI
1023 104 1099 147 VII,
1127 109 1156 138 4.
1181 109 1211 138 5.
1371 105 1451 146 221

98 218 307 256 nocturno
342 215 490 255 itinere
517 214 749 255 exercitum
783 213 949 255 ducens,
1013 213 1246 268 Aquaruni,
1280 216 1327 254 ut
1360 216 1458 255 ante
1485 228 1503 255 '2

99 274 260 315 dictum
294 276 374 327 est,
413 273 590 327 penuria
622 274 741 328 prius
774 273 1066 327 desperatione
1100 287 1226 327 quam
1249 273 1455 314 desiderio

98 333 269 374 bibendi
299 333 413 374 sitim
441 333 642 374 accendit.
683 332 763 373 Per
790 343 902 373 0000
923 332 1060 373 stadia
1080 347 1131 373 ne
1153 332 1344 373 modicus
1366 333 1456 386 qui-

99 392 190 433 dem
225 392 379 433 humor
412 392 567 433 existit.
622 391 812 433 Harenas
850 406 983 446 vapor
1009 391 1158 433 aestivi
1186 392 1288 433 solis
1315 406 1455 432 accen·
1483 406 1502 433 3

99 451 176 492 dit:
198 466 305 505 quae
330 452 405 493 ubi
426 451 606 507 flagrare
626 454 869 505 coeperunt,
888 450 1003 492 haud
1029 465 1148 493 secus
1169 466 1296 505 quam
1324 451 1455 492 conti-

96 512 215 552 nenti
250 511 441 552 incendio
481 514 633 552 cuncta
673 514 900 552 torrentur.
953 510 1099 566 Caligo
1139 510 1290 551 deinde
1322 511 1454 552 inmo-
1484 524 1502 552 1

97 570 190 611 dico
213 573 350 610 terrae
381 570 546 611 fervore
579 570 760 611 excitata
798 570 934 611 lucem
968 570 1094 626 tegit,
1122 584 1454 624 camporumque

98 644 182 670 non
216 629 297 670 alia
331 644 457 683 quam
489 630 598 670 vasti
641 632 681 670 et
713 629 917 684 profundi
956 630 1153 684 aequoris
1187 630 1346 684 species
1380 633 1454 671 est.

96 687 366 730 Nocturnum
399 689 479 729 iter
511 689 732 729 tolerabile
764 688 1005 742 videbatur,
1039 689 1138 743 quia
1170 703 1264 730 rore
1297 692 1339 730 et
1370 704 1454 729 ma-
1483 702 1502 730 5

96 748 236 789 tutino
270 747 430 803 frigore
468 762 647 802 corpora
678 748 940 789 levabantur.
1005 747 1201 790 Ceterum
1234 763 1331 790 cum
1363 749 1455 803 ipsa

96 807 190 848 luce
223 810 364 849 aestus
398 808 551 860 oritur,
590 822 844 861 omnemque
876 807 1113 849 naturalem
1147 808 1347 849 absorbet
1380 809 1454 848 hu-

96 881 257 907 morem
293 868 481 908 siccitas:
522 882 595 909 ora
633 868 881 921 visceraque
914 868 1084 921 penitus
1117 871 1309 908 uruntur.
1373 866 1456 908 Ita·
1483 882 1501 909 ω

98 940 178 980 que
210 926 396 980 primum
430 926 572 980 animi,
606 926 755 968 deinde
782 941 962 980 corpora
995 927 1170 968 deficere
1204 929 1453 981 coeperunt:

97 985 272 1051 pigebat
305 988 346 1026 et
378 987 610 1027 consistere
643 989 684 1026 et
715 986 927 1041 piogredi.
991 986 1122 1027 Pauci
1155 1001 1178 1026 a
1210 986 1359 1040 peritis
1392 1001 1453 1027 re·
1483 1001 1499 1029 7

96 1044 236 1100 gionis
276 1045 482 1086 admoniti
524 1048 824 1099 praepararant
869 1060 1039 1099 aquam:
1090 1045 1194 1087 haec
1236 1046 1455 1100 paulisper

97 1104 297 1158 repressit
339 1105 473 1159 sitim,
516 1104 664 1146 deinde
704 1108 915 1146 crescente
954 1108 1074 1146 aestu
1112 1120 1255 1146 rursus
1296 1105 1454 1147 deside-

96 1163 208 1204 rium
240 1163 433 1205 humoris
460 1178 682 1205 accensum
717 1166 792 1205 est.
837 1164 967 1219 Ergo,
1001 1164 1208 1219 quidquid
1234 1165 1322 1206 vini
1356 1164 1454 1206 olei-

98 1237 178 1276 que
212 1226 302 1264 erat
341 1224 556 1277 omnibus,
601 1224 893 1279 ingerebatur,
931 1227 1136 1278 tantaque
1175 1224 1353 1265 dulcedo
1392 1224 1453 1265 bi—

96 1281 222 1322 bendi
256 1282 350 1337 fuit,
376 1286 423 1324 ut
454 1284 499 1324 in
530 1285 749 1337 posterum
783 1283 877 1324 sitis
910 1298 995 1324 non
1027 1284 1261 1324 timeretur.
1296 1282 1454 1325 Graves
1481 1298 1500 1328 8

98 1341 248 1382 deinde
287 1342 407 1382 avide
445 1342 597 1383 hausto
636 1342 814 1383 humore
846 1357 932 1383 non
967 1343 1174 1384 sustinere
1207 1358 1335 1398 arma,
1368 1358 1454 1384 non

98 1400 262 1455 ingredi
300 1404 511 1455 poterant,
550 1404 591 1442 et
640 1401 851 1443 feliciores
889 1402 1161 1455 videbantur,
1200 1417 1306 1457 quos
1345 1417 1453 1456 aqua

98 1459 324 1513 defecerat,
363 1475 457 1502 cum
489 1462 573 1515 ipsi
615 1461 703 1502 sine
742 1461 868 1502 modo
908 1462 1091 1502 infusam
1125 1463 1289 1503 vomitu
1334 1476 1452 1517 coge-

98 1522 245 1560 rentur
282 1534 460 1575 egerere.
524 1519 711 1562 Anxium
750 1535 896 1576 regem
940 1522 1070 1562 tantis
1114 1521 1237 1562 malis
1277 1522 1453 1563 circum-
1480 1536 1499 1565 9

97 1578 182 1619 fusi
214 1579 351 1631 amici,
384 1583 430 1620 ut
456 1580 731 1633 meminisset,
758 1580 948 1633 orabant,
981 1581 1111 1621 animi
1144 1581 1210 1621 sui
1241 1582 1452 1636 magnitu-

98 1637 237 1679 dinem
264 1639 437 1680 unicum
463 1638 695 1680 remedium
719 1640 954 1681 deficientis
981 1641 1191 1681 exercitus
1218 1654 1323 1681 esse:
1357 1655 1452 1681 cum
1484 1654 1523 1683 ιω

98 1711 148 1736 ex
182 1697 247 1750 iis,
292 1698 365 1751 qui
396 1702 713 1751 praecesserant
746 1700 797 1740 ad
830 1699 1081 1752 capi‘endum
1113 1699 1256 1742 locum
1290 1700 1452 1749 castris,

98 1755 181 1797 duo
215 1760 444 1798 occurrunt
481 1758 647 1799 utribus
680 1773 834 1812 aquam
866 1761 1099 1813 gestantes,
1140 1762 1188 1799 ut
1220 1759 1320 1800 filiis
1354 1760 1453 1812 suis,

193 1888 213 1918 4
234 1885 380 1931 humor]
401 1897 507 1919 umor
519 1890 556 1925 L,
576 1886 730 1921 humore
749 1890 775 1919 B
793 1899 834 1921 m.
854 1898 922 1931 pr,
943 1887 1095 1921 humor*
1116 1891 1154 1921 V.
1233 1891 1250 1920 ἰ’
1273 1887 1451 1932 excitata]

97 1931 258 1966 excitate
278 1936 313 1966 P.
414 1936 432 1966 9
460 1933 670 1979 videbatur]
702 1934 929 1968 uidebantur
960 1938 995 1967 P.
1097 1938 1139 1968 10
1173 1935 1341 1980 corpora]
1374 1945 1451 1969 cor-

97 1990 187 2023 para
207 1983 242 2012 P.
340 1980 575 2027 levabantur]
596 1980 821 2015 lauabantur
841 1985 877 2015 F
978 1986 1018 2015 11
1049 1982 1224 2016 absorbet
1244 1982 1450 2028 humorem]

98 2026 207 2060 arbor
220 2027 347 2061 betum
363 2038 461 2061 orem
473 2032 498 2060 P
515 2040 556 2062 m.
565 2040 636 2072 pr
651 2029 760 2063 arbor
773 2029 900 2063 betuni
916 2040 1055 2063 morem
1067 2033 1092 2062 P
1107 2040 1196 2064 corr.
1265 2033 1306 2063 13
1323 2040 1453 2074 coepe-

96 2074 199 2119 runt]
227 2075 417 2118 coeperint
436 2079 471 2108 P.
568 2080 610 2109 14
636 2076 805 2122 pigebat]
833 2076 963 2121 piebat
985 2081 1021 2110 P.
1115 2081 1156 2110 15
1183 2079 1452 2121 praepararant

99 2121 320 2157 Fr'obemus:
347 2125 618 2166 praepararunt
644 2126 683 2156 A.
770 2128 811 2157 16
839 2124 1041 2170 crescente]
1069 2126 1236 2159 crecente
1263 2128 1298 2157 P.
1374 2136 1451 2158 rur-

100 2168 176 2214 sus]
202 2168 303 2203 rulus
330 2173 365 2203 P.
503 2174 544 2204 18
572 2171 760 2214 omnibus,
792 2171 1033 2216 ingerebatur
1057 2173 1203 2216 scripsi:
1237 2172 1451 2206 hominibus

98 2215 338 2260 ingerebatur
363 2220 402 2250 A.
487 2221 528 2251 21
556 2218 795 2264 videbantur]
822 2219 1021 2252 uidebatur
1045 2223 1071 2251 P
1092 2231 1135 2253 m.
1151 2231 1210 2263 pr.
1293 2223 1334 2252 22
1362 2220 1450 2264 ipsi]

98 2262 189 2306 ipsis
210 2267 245 2296 P.
344 2265 578 2311 cogerentur]
605 2267 824 2309 cogerentur
845 2270 881 2299 P.
981 2270 1024 2299 ⁵24
1051 2266 1296 2312 meminisset]
1322 2267 1453 2301 memi-

98 2310 215 2344 nisset
235 2311 291 2344 sui
312 2314 344 2344 C.
420 2316 463 2345 25
485 2312 708 2358 deficientis]
730 2313 942 2347 deficientes
964 2317 1000 2346 P.
1075 2317 1118 2347 26
1139 2314 1185 2347 iis
1206 2317 1239 2347 1:
1260 2313 1318 2347 his
1340 2317 1378 2348 A.

99 2361 376 2401 praecesserant
403 2362 436 2393 1:
463 2362 719 2403 processerant
747 2363 784 2393 A.
885 2361 947 2406 ad]
976 2362 1013 2394 at
1039 2364 1077 2394 V.
