1610 2522
49 334 113 368 ΧΗ

87 699 106 728 Nu*

139 105 221 145 142
641 104 680 146 Q.
709 103 851 139 CURTI
882 105 990 139 RUFI

136 217 247 271 regis
282 215 416 255 salute
449 214 499 254 ad
534 228 619 267 eos,
652 214 807 268 quibus
840 217 1044 267 praeerat,
1080 214 1205 255 rediit
1240 214 1383 255 omnia
1415 230 1493 269 pro

139 276 217 315 ride
251 274 434 328 experiri
465 276 651 328 paratus.

224 335 284 375 At
317 334 472 375 Bessus
506 333 724 374 occidendi
764 333 958 386 protinus
991 334 1104 387 regis
1137 334 1344 387 impetum
1379 348 1495 388 cepe·
1517 339 1566 374 32

136 397 217 434 rat:
252 393 323 434 sed
355 393 528 445 veritus,
560 406 612 432 ne
639 393 819 447 gratiam
842 391 1086 445 Alexandri,
1118 393 1200 434 nisi
1228 393 1369 434 vivum
1399 408 1494 435 eum

136 452 391 507 tradidisset,
419 452 525 493 inire
552 466 637 492 non
667 455 823 506 posset,
850 451 983 492 dilato
1005 452 1047 491 in
1069 452 1304 506 proximam
1327 456 1495 494 noctem
1534 473 1549 497 5

135 512 303 553 sceleris
337 511 516 553 consilio
550 525 674 566 agere
708 511 868 566 gratias
902 511 1065 565 incipit,
1098 511 1210 565 quod
1244 512 1395 566 perfidi
1423 512 1496 554 ho-

137 573 261 613 minis
295 571 471 612 insidias
504 571 587 611 iam
609 570 840 611 Alexandri
877 584 978 624 opes
1006 571 1239 624 spectantis
1266 571 1496 625 prudenter

136 634 342 685 cauteque
387 631 581 671 vitasset:
628 630 787 670 donum
833 644 926 670 eum
972 630 1088 671 hosti
1131 632 1318 672 laturum
1365 631 1495 672 fuisse

134 692 247 747 regis
280 693 420 745 caput.
472 689 562 730 Nec
595 689 738 731 mirari
772 690 988 731 hominem
1019 690 1210 731 mercede
1238 691 1494 731 conductum

135 751 277 792 omnia
304 750 459 791 habere
485 750 667 790 venalia:
701 749 791 790 sine
817 749 1010 803 pignore,
1043 749 1131 790 sine
1157 751 1256 803 lare,
1286 753 1495 791 terrarum
1517 770 1550 795 10

135 810 249 851 orbis
289 811 474 863 exulem,
516 809 745 863 ancipitem
786 808 952 850 hostem
995 809 1047 849 ad
1086 812 1237 850 nutum
1276 809 1495 851 licentium

134 869 407 910 circumferri.
460 868 667 923 Purganti
702 868 851 908 deinde
884 884 927 909 se
961 868 1147 922 deosque
1180 869 1341 923 patrios
1367 871 1497 910 testes

133 929 232 970 fidei
272 943 371 969 suae
410 927 624 968 invocanti
664 927 823 968 Dareus
857 929 979 968 vultu
1012 928 1343 982 adsentiebatur,
1382 928 1495 970 haud

135 988 302 1041 dubius,
336 988 439 1042 quin
472 1002 569 1028 vera
604 987 871 1028 deferrentur
903 1002 926 1027 a
953 986 1142 1028 Graecis:
1177 988 1250 1029 sed
1280 1002 1328 1028 eo
1356 1002 1495 1030 rerum

134 1051 305 1089 ventum
352 1050 459 1100 erat,
504 1050 552 1087 ut
596 1050 683 1087 tam
729 1046 1017 1101 periculosum
1057 1049 1168 1088 esset
1208 1061 1295 1088 non
1327 1047 1495 1089 credere
1516 1067 1548 1092 15

134 1108 221 1149 suis
255 1122 381 1161 quam
416 1106 565 1161 decipi.
629 1118 723 1147 xxx
757 1107 875 1147 milia
907 1109 1041 1159 erant,
1077 1121 1257 1160 quorum
1291 1106 1495 1149 inclinata

133 1168 176 1207 in
210 1168 345 1208 scelus
377 1166 529 1208 levitas
562 1166 807 1219 timebatur,
848 1177 916 1206 1111
949 1166 1067 1206 milia
1101 1165 1257 1207 Patron
1291 1166 1494 1208 habebat:

135 1226 291 1280 quibus
319 1226 354 1267 si
382 1226 631 1268 credidisset
658 1226 837 1266 salutem
863 1240 980 1266 suam
1004 1225 1202 1266 damnata
1222 1225 1495 1280 popularium

134 1286 233 1340 fide,
277 1286 506 1340 parricidio
553 1285 868 1327 excusationem
913 1284 1086 1326 videbat
1127 1286 1281 1326 offerri.
1344 1284 1494 1339 Itaque

132 1345 414 1400 praeoptabat
448 1345 645 1386 inmerito
679 1359 806 1399 quam
840 1344 930 1386 iure
961 1344 1125 1385 violari.
1188 1344 1318 1386 Besso
1352 1348 1494 1386 tamen
1515 1364 1549 1389 20

132 1405 384 1446 insidiarum
411 1405 637 1446 consilium
665 1404 869 1459 purganti
895 1404 1126 1458 respondit,
1153 1402 1387 1445 Alexandri
1413 1403 1494 1445 sibi

132 1479 219 1506 non
264 1465 403 1506 minus
447 1464 656 1506 iustitiam
701 1478 827 1518 quam
860 1464 1060 1505 virtutem
1094 1477 1183 1504 esse
1216 1466 1493 1518 perspectam.

133 1523 242 1565 Falli
276 1538 365 1578 eos,
410 1524 482 1578 qui
521 1523 781 1578 proditionis
814 1523 867 1563 ab
902 1537 950 1563 eo
982 1524 1217 1577 praemium
1251 1525 1493 1578 expectent:

133 1584 314 1625 violatae
359 1583 458 1624 fidei
502 1583 714 1624 neminem
760 1583 965 1624 acriorem
1010 1582 1102 1623 fore
1139 1582 1350 1623 vindicem
1385 1583 1494 1623 ulto-

133 1657 317 1697 remque.
388 1642 565 1696 Iamque
610 1656 697 1683 nox
741 1641 985 1696 adpetebat,
1037 1656 1133 1683 cum
1178 1641 1332 1682 Persae
1376 1655 1493 1683 more
1514 1661 1547 1686 25

133 1704 259 1743 solito
305 1703 432 1743 armis
477 1701 630 1756 positis
684 1701 737 1742 ad
780 1702 1019 1742 necessaria
1063 1715 1114 1742 ex
1157 1702 1353 1756 proximo
1399 1703 1492 1742 vico

134 1762 305 1803 ferenda
332 1761 586 1803 discurrunt.
631 1760 691 1802 At
710 1760 940 1814 Bactriani,
966 1763 1014 1802 ut
1040 1760 1295 1814 imperatum
1317 1776 1340 1801 a
1360 1760 1492 1802 Besso

134 1824 244 1874 erat,
289 1821 441 1862 armati
483 1820 664 1861 stabant.
726 1819 844 1861 Inter
888 1820 989 1861 haec
1035 1819 1199 1861 Dareus
1231 1819 1492 1861 Artabazum
1513 1824 1563 1859 33

132 1880 259 1922 acciri
292 1880 423 1933 iubet,
456 1879 760 1934 expositisque,
793 1894 900 1933 quae
933 1878 1093 1920 Patron
1126 1879 1346 1932 detulerat,
1379 1879 1491 1920 haud

229 1990 248 2020 2
276 1985 453 2031 experiri]
487 1985 653 2029 experire
679 1988 718 2018 V.
850 1988 868 2018 3
903 1984 967 2029 At]
1001 1984 1058 2017 Ad
1090 1987 1195 2017 LPV.
1325 1984 1491 2029 ceperat]

134 2035 307 2078 coeperat
333 2036 436 2067 BFP.
556 2038 574 2066 ι’)
602 2032 838 2077 tradidisset]
865 2031 1044 2066 tradisset
1068 2035 1104 2065 P.
1224 2030 1340 2064 dilato
1367 2034 1400 2064 1:
1429 2031 1490 2065 de-

132 2081 210 2115 lato
238 2084 275 2114 A.
353 2084 372 2114 9
401 2081 529 2126 caput]
558 2080 679 2124 capud
700 2084 736 2114 1².
814 2084 854 2113 11
883 2079 1032 2125 nutum]
1058 2080 1202 2113 mutum
1228 2082 1268 2112 V.
1352 2082 1394 2112 12
1423 2078 1490 2112 cir-

134 2128 322 2174 cumferri]
351 2128 547 2163 circumfer
571 2131 610 2161 V.
722 2126 903 2172 Purganti
930 2127 1150 2161 Frobenius:
1182 2125 1351 2169 arguenti
1379 2129 1418 2160 Δ.

134 2176 292 2221 patrios]
312 2176 455 2220 patrias
475 2179 513 2209 V.
604 2179 645 2208 13
667 2175 875 2220 invocanti]
896 2174 1062 2208 inuocati
1078 2177 1104 2207 P
1124 2186 1167 2208 m.
1182 2185 1241 2218 pr.
1320 2177 1363 2207 14
1384 2173 1491 2219 quin]

134 2224 172 2256 in
198 2227 237 2256 V.
358 2227 398 2257 16
426 2223 554 2268 quam]
582 2234 650 2257 con
676 2226 715 2256 V.
835 2226 876 2256 17
903 2221 1042 2256 Patron
1068 2233 1134 2256 om.
1162 2225 1194 2255 C.
1309 2220 1490 2266 habebat]

135 2270 271 2305 abebat
297 2274 336 2304 V.
449 2274 491 2304 22
519 2271 753 2315 perspectam
774 2273 807 2303 1:
835 2269 1039 2313 perfectam
1060 2272 1100 2311 Δ,
1129 2270 1167 2303 in
1187 2273 1208 2302 c
1235 2268 1319 2302 add.
1342 2279 1429 2303 corr.
1451 2269 1491 2302 in

134 2319 298 2363 πται-φης’
317 2320 561 2362 perspectam.
650 2320 694 2351 28
721 2317 816 2362 erat]
843 2318 948 2351 erant
975 2321 1006 2350 c.
1095 2315 1337 2361 Artabazum]
1367 2315 1491 2349 artha-

134 2365 264 2399 bazum
294 2369 329 2399 P.
431 2369 473 2399 29
501 2365 618 2410 haud]
646 2365 718 2399 aud
745 2368 781 2406 L,
809 2366 875 2398 aut
900 2368 938 2397 V.
