1610 2522
57 761 89 785 10

59 1059 90 1084 15

58 1357 91 1381 ’ΞΟ

329 97 656 131 ΗΙΞΤ(’)Η,ΙΑΗ,ΙἫ
689 97 964 131 ΑΙιΕΧΑΝΒΗΙ
994 97 1070 139 ΙΙΙῙ,
1101 101 1151 131 12.
1178 101 1229 131 13.
1402 97 1454 137 87

110 207 325 261 inproviso
364 207 553 261 periculo
594 207 763 247 territos
803 207 971 261 quando
1016 207 1059 247 in
1091 209 1299 248 nocturna
1332 206 1456 260 trepi-

110 267 279 308 datione
335 267 552 308 coituros?
639 266 697 306 At
760 266 944 307 interdiu
1001 266 1185 319 primum
1244 266 1456 306 terribiles
1485 278 1504 305 5

111 341 357 367 occursuras
400 326 526 367 facies
570 325 824 380 Scytharum
869 326 1300 379 Bactrianorumque:
1346 325 1458 366 hirta

109 386 194 426 illis
238 400 310 427 ora
351 389 394 426 et
435 386 625 427 intonsas
668 400 809 427 comas
852 400 953 438 esse.
998 387 1215 439 praeterea
1257 385 1457 426 eximiam

110 448 325 486 vastorum
353 445 691 499 magnitudinem
720 459 959 499 corporum.
1023 444 1156 485 Vanis
1190 448 1229 485 et
1257 444 1457 485 inanibus

109 506 289 546 militem
329 505 465 559 magis
504 520 630 558 quam
670 505 794 545 iustis
832 504 1073 545 formidinis
1116 504 1252 545 causis
1286 504 1457 545 moveri.

109 564 271 605 Deinde
310 567 471 605 tantam
512 564 831 606 multitudinem
864 564 1145 605 circumfundi
1185 563 1458 617 paucioribus
1486 575 1505 605 6

108 638 247 678 posse,
278 638 369 665 ctum
402 638 487 664 non
519 624 562 664 in
591 623 761 665 Ciliciae
788 624 998 678 angustiis
1032 627 1073 665 et
1105 624 1232 664 inviis
1267 623 1458 677 callibus,

110 683 181 724 sed
234 684 277 725 in
322 686 465 737 aperta
517 686 558 724 et
602 683 689 724 lata
732 683 912 738 planitie
958 683 1220 725 dimicarent.
1303 682 1459 724 Omnes
1488 694 1505 724 τ

108 744 240 784 ferme
291 742 561 784 Parmenioni
611 743 974 784 adsentiebantur:
1029 742 1297 797 Polypercon
1346 742 1459 783 haud

111 802 236 844 dubie
277 803 323 843 in
364 817 412 843 eo
455 802 631 844 consilio
675 802 860 856 positam
899 803 1122 844 victoriam
1162 802 1459 843 arbitrabatur.

111 862 243 911 Quem
294 863 463 903 intuens
509 877 583 903 rex
635 887 681 891 -—
733 877 917 916 namque
958 862 1283 903 Parmenionem
1324 876 1460 915 nuper
1487 876 1506 903 8

111 922 265 975 acrius,
305 937 431 975 quam
470 921 615 964 vellet.
657 922 911 976 increpitum
949 936 1096 962 rursus
1130 922 1337 976 castigare
1374 936 1459 962 non

111 981 348 1022 sustinebat
381 997 454 1021 —:
489 981 891 1035 ‘Lan-unoulorum',
924 982 1076 1035 inquit,
1116 982 1173 1022 ‘et
1204 982 1346 1022 furum
1382 981 1462 1022 ista

112 1041 301 1082 sollertia
342 1044 422 1084 est.
466 1056 591 1094 quam
634 1041 879 1095 praecipitis
923 1040 1045 1082 mihi:
1089 1041 1246 1095 quippe
1288 1040 1457 1082 illorum

113 1103 258 1141 votum
292 1101 464 1142 unicum
500 1103 562 1141 est
594 1100 749 1142 fallere.
814 1100 932 1141 Meae
970 1115 1068 1141 vero
1101 1100 1263 1155 gloriae
1297 1114 1462 1154 semper
1489 1113 1507 1142 9

110 1163 183 1200 aut
210 1159 447 1201 absentiam
474 1160 600 1201 Darei
629 1163 702 1201 aut
728 1160 948 1215 angustias
975 1160 1166 1200 locorum
1200 1163 1271 1201 aut
1298 1160 1460 1200 furtum

109 1219 247 1261 noctis
274 1220 442 1260 obstare
474 1235 560 1261 non
593 1221 740 1273 patiar.
804 1219 950 1260 Palam
977 1221 1070 1261 luce
1097 1219 1273 1274 adgredi
1300 1222 1461 1260 cert-um

112 1282 192 1320 est:
227 1279 338 1320 malo
372 1293 434 1320 me
466 1294 582 1320 meae
615 1280 811 1320 fortunae
837 1280 1064 1334 paeniteat,
1098 1294 1224 1333 quam
1259 1279 1462 1320 victoriae

112 1339 279 1393 pudeat.
343 1339 411 1380 Ad
443 1339 546 1380 haec
579 1339 685 1380 illud
719 1354 890 1393 quoque
923 1338 1101 1381 accedit:
1134 1338 1304 1394 vigilias
1338 1353 1462 1393 agere
1491 1351 1533 1380 10

112 1398 313 1439 barbaros
347 1401 387 1438 et
421 1398 467 1438 in
500 1399 628 1439 armis
662 1401 790 1452 stare,
829 1402 876 1439 ut
907 1413 959 1439 ne
994 1398 1133 1452 decipi
1165 1398 1335 1452 quidem
1369 1413 1463 1452 pos-

113 1459 209 1511 sint7
232 1461 483 1511 conpertum
505 1458 653 1499 habeo.
716 1457 866 1511 Itaque
887 1458 938 1499 ad
959 1457 1168 1512 proelium
1191 1472 1266 1498 vos
1287 1458 1462 1511 parate’.

113 1516 183 1558 Sic
214 1517 414 1558 incitatos
448 1517 498 1557 ad
532 1532 711 1572 corpora
745 1518 928 1558 curanda
963 1517 1135 1558 dimisit.

202 1576 365 1618 Dareus
399 1577 452 1629 id,
491 1577 605 1630 quod
636 1576 862 1618 Parmenio
897 1580 1098 1630 suaserat,
1130 1576 1294 1618 hostem
1330 1576 1463 1617 factu·
1494 1589 1530 1618 11

61 1654 89 1678 ετ
116 1651 207 1676 rum
241 1651 330 1677 esse
364 1636 604 1678 coniectans
638 1636 827 1678 frenatos
871 1651 1001 1691 equos
1035 1639 1145 1677 stare
1178 1651 1463 1691 magnamque

113 1695 322 1737 exercitus
363 1698 525 1749 partem
565 1696 607 1736 in
648 1696 775 1736 armis
814 1710 904 1737 esse
947 1711 994 1737 ac
1025 1695 1195 1751 vigilias
1236 1696 1464 1737 intentiore

114 1770 214 1796 cura
255 1757 412 1796 servari
454 1755 652 1796 iusserat:
701 1770 802 1811 ergo
845 1755 1016 1811 ignibus
1064 1758 1154 1796 tota
1196 1756 1284 1796 eius
1327 1758 1465 1796 castra

113 1815 348 1870 fulgebant.
417 1813 516 1868 Ipse
558 1829 654 1856 cum
697 1815 874 1857 ducibus
916 1815 1253 1870 propinquisque
1294 1815 1465 1870 agmina
1493 1827 1534 1856 12

114 1875 158 1915 in
197 1875 324 1915 armis
364 1874 569 1915 stantium
608 1874 870 1928 circumibat,
909 1874 1051 1916 Solem
1090 1877 1131 1916 et
1161 1874 1363 1915 Mithrem
1404 1889 1465 1914 sa-

61 1952 75 1975 3
115 1948 316 1987 crumque
351 1936 391 1974 et
424 1937 641 1975 aeternum
670 1934 872 1975 invocans
906 1934 1061 1989 ignem,
1093 1937 1141 1974 ut
1174 1933 1259 1974 illis
1294 1934 1461 1988 dignam

210 2032 228 2060 2
256 2027 320 2073 At]
347 2027 423 2060 Aut
442 2031 477 2060 F.
596 2030 614 2059 3
643 2027 865 2071 Scytharum
885 2031 921 2060 I:
949 2029 1135 2071 scytarum
1157 2030 1195 2061 A.
1313 2027 1411 2060 hirta
1432 2031 1465 2060 1:

115 2074 224 2118 hyrta
239 2078 278 2108 A.
353 2078 372 2107 S
394 2086 482 2109 cta-m
505 2075 589 2109 add.
607 2075 802 2109 Bentleius.
876 2078 917 2107 10
938 2075 1183 2120 Polypercon]
1198 2074 1414 2119 polipercon
1433 2079 1465 2108 c.

118 2127 158 2155 13
186 2133 258 2156 non
284 2133 350 2157 om.
371 2126 396 2155 L
417 2134 460 2156 m.
476 2134 535 2165 pr.
619 2126 660 2156 15
688 2122 853 2156 sollertia
879 2126 911 2155 1:
940 2122 1090 2157 solertia
1117 2127 1150 2164 C,
1177 2122 1332 2156 solercia
1358 2126 1393 2155 P.

115 2169 345 2215 praecipitis]
371 2169 524 2213 praeitis
550 2173 575 2202 P
596 2182 639 2204 m.
655 2181 714 2213 pr.
798 2174 839 2203 17
867 2172 932 2204 aut
959 2170 1182 2215 absentiam]
1208 2170 1309 2203 haud
1337 2169 1466 2203 absen-

115 2217 208 2250 tiam
227 2221 252 2250 P
272 2229 316 2251 m.
332 2228 390 2260 pr.
466 2220 531 2250 aut
550 2217 757 2262 angustias]
780 2217 881 2251 haud
901 2218 1093 2262 angustias
1110 2221 1135 2250 P
1150 2230 1193 2251 m.
1209 2229 1267 2261 pr.
1346 2220 1387 2250 19
1414 2228 1467 2251 me

116 2275 219 2299 meae
239 2268 272 2298 1:
299 2275 403 2298 meae
424 2268 462 2297 A.
539 2268 582 2298 ‘25
607 2266 735 2310 equos]
757 2275 851 2308 equo
871 2269 907 2298 P.
984 2268 1025 2297 29
1055 2265 1290 2309 circumibat]
1312 2264 1466 2298 circum-

116 2311 223 2346 hibat
246 2315 285 2345 V.
409 2312 545 2357 Solem]
573 2312 689 2347 solam
715 2316 740 2345 P
763 2325 803 2346 m.
821 2325 878 2356 pr.
1002 2312 1190 2357 Mithrem]
1217 2312 1401 2355 mythrem
1429 2315 1465 2345 P.

117 2364 161 2394 30
187 2360 393 2405 aeternum]
421 2362 652 2394 aeternorum
678 2363 704 2392 F
724 2373 768 2394 mi
784 2371 843 2405 pr.
