1610 2522
64 752 94 776 10

63 1050 92 1073 15

378 90 710 126 HISTORIARUM
740 91 1021 126 ALEXANDRI
1048 92 1142 135 vm,
1172 97 1200 126 1.
1381 93 1466 134 255

118 201 300 241 maxime
332 203 508 255 propter
543 200 800 255 Philippum,
843 201 920 241 sub
954 215 1038 255 quo
1073 201 1233 242 diutius
1266 202 1470 254 vixerant,

117 275 210 301 011111
245 259 380 301 Clitus
420 275 470 300 ne
510 260 598 314 ipse
637 260 808 314 quidem
845 261 948 301 satis
981 261 1149 302 sobrius
1183 261 1233 301 ad
1261 276 1349 314 eos,
1396 262 1540 315 quies

116 320 227 360 infra
258 320 399 374 ipsum
432 318 656 372 cubabant,
689 334 915 361 conversus
939 319 1157 374 Euripidis
1191 321 1356 362 rettulit
1384 336 1470 362 car-

116 394 229 433 men,
270 379 329 420 ita
361 382 407 419 ut
440 394 569 420 sonus
602 379 738 434 magis
773 394 899 433 quam
934 393 1070 420 sermo
1105 380 1295 421 exaudiri
1328 383 1471 434 posset

115 453 138 478 a
184 453 298 494 rege,
343 453 427 492 quo
473 438 794 493 significabatur
843 440 951 481 male
995 439 1230 480 instituisse
1276 439 1471 493 Graecos,
1499 452 1540 480 29

116 498 228 551 quod
275 499 460 552 tropaeis
508 512 650 553 regum
700 498 921 540 dumtaxat
960 498 1133 539 nomina
1172 499 1469 541 inscriberent:

116 558 252 597 alieno
281 558 391 598 euim
419 558 621 611 sanguine
648 560 813 612 partam
841 558 1022 613 gloriam
1051 559 1258 612 intercipi.
1322 558 1470 613 Itaque

116 632 205 664 reX,
251 632 346 658 cum
380 618 667 670 suspicaretur
699 617 928 673 malignius
962 617 1158 659 habitum
1191 633 1281 659 esse
1314 633 1469 659 sermo-

115 691 223 729 nem,
255 676 494 730 percontari
529 677 746 730 proximos
780 677 931 729 coepit,
972 678 1072 731 quid
1105 693 1155 718 ex
1189 676 1301 719 Clito
1334 678 1472 718 audis-

116 738 219 776 sent.
283 735 340 776 Et
379 736 462 777 illis
502 736 552 776 ad
592 736 800 777 silendum
835 737 1059 778 obstinatis
1094 736 1231 778 Clitus
1264 738 1471 792 paulatim
1497 749 1541 778 30

115 796 271 836 maiore
317 809 418 836 voce
451 795 641 849 Philippi
686 799 778 836 acta
825 796 1019 850 bellaque
1059 797 1101 837 in
1137 796 1311 838 Graecia
1350 800 1470 852 gesta

115 858 419 895 connnemorat
446 856 587 895 onmia
612 855 907 909 praesentibus
934 857 1186 910 praeferens,
1222 856 1334 898 Hinc
1360 857 1471 898 inter
1498 868 1536 898 31

116 914 300 955 iuniores
329 928 533 968 senesque
561 917 653 955 orta
687 916 905 956 contentio
933 918 1007 957 est.
1050 915 1106 956 Et
1134 931 1219 970 reX,
1252 918 1369 958 velut
1400 931 1469 970 pa-

117 974 270 1014 tienter
302 974 483 1026 audiret,
529 974 622 1027 quis
656 972 792 1015 Clitus
826 974 1049 1016 obterebat
1079 976 1225 1017 laudes
1258 976 1365 1028 eius,
1410 977 1470 1016 in-

114 1036 283 1087 gentem
317 1034 421 1073 iram
456 1037 718 1088 conceperat.
777 1032 974 1076 Ceterum
1009 1049 1103 1075 cum
1137 1035 1277 1076 animo
1311 1036 1469 1076 videre·
1497 1046 1538 1076 32

114 1096 184 1133 tur
234 1093 534 1147 imperaturus,
586 1093 618 1133 si
672 1094 798 1134 finem
849 1094 1088 1147 procaciter
1138 1098 1232 1136 orto
1285 1095 1467 1136 sermoni

116 1151 250 1194 Clitus
290 1153 530 1206 inponeret,
575 1152 684 1193 nihil
723 1167 770 1194 eo
804 1153 1047 1194 remittente
1081 1154 1216 1209 magis
1250 1169 1468 1208 exaspera-

113 1211 247 1252 batur.
323 1210 496 1265 Iamque
529 1210 664 1252 Clitus
710 1212 838 1253 etiam
877 1213 1202 1255 Parmenionem
1246 1214 1470 1255 defendere
1497 1225 1539 1254 33

115 1271 295 1312 audebat
341 1274 382 1311 et
414 1270 606 1325 Philippi
651 1272 701 1312 de
732 1271 1066 1314 Atheniensibus
1108 1273 1331 1314 victoriam
1364 1273 1468 1314 The-

61 1348 74 1371 2
116 1331 264 1371 barum
297 1330 562 1384 praeferebat
595 1331 758 1372 excidio
798 1346 883 1373 11011
914 1332 1013 1373 vino
1047 1333 1193 1386 modo,
1237 1333 1309 1374 sed
1342 1333 1468 1374 etiam

114 1389 243 1430 animi
277 1405 406 1443 prava
439 1391 711 1431 contentione
742 1394 979 1445 provectus.
1042 1392 1110 1433 Ad
1148 1392 1363 1434 ultimum:
1406 1391 1469 1433 ‘Si
1497 1404 1539 1433 34

115 1450 407 1502 moriendum,'
454 1449 605 1503 inquit,
639 1450 718 1491 ‘est
749 1465 826 1504 pro
860 1453 912 1505 te,
946 1451 1083 1493 Clitus
1116 1454 1179 1493 est
1210 1453 1393 1506 primus:
1426 1455 1468 1493 at

114 1523 208 1549 cum
242 1509 441 1550 victoriae
474 1509 698 1550 arbitrium
731 1510 838 1565 agis,
885 1511 1156 1565 praecipuum
1189 1511 1350 1563 ferunt,
1395 1512 1467 1565 qui

113 1569 410 1621 procacissime
436 1569 569 1622 patris
597 1568 659 1609 tui
686 1569 914 1610 memoriae
942 1570 1150 1612 inludunt.
1209 1570 1467 1626 Sogdianam
1496 1584 1538 1612 35

60 1646 74 1668 2
113 1627 330 1682 regionem
363 1627 468 1668 mihi
502 1627 712 1680 attribuis,
744 1629 901 1670 totiens
931 1630 1131 1671 rebellem
1160 1633 1201 1670 et
1226 1645 1312 1671 11011
1340 1631 1466 1672 111οἃ0

114 1687 375 1740 indomitam,
409 1687 481 1728 sed
514 1701 619 1742 quae
652 1703 704 1729 ne
737 1688 878 1744 subigi
913 1689 1082 1743 quidem
1112 1690 1260 1744 possit.
1317 1690 1467 1731 Mittor

113 1746 164 1786 ad
191 1746 300 1786 feras
329 1746 497 1800 bestias,
529 1748 778 1802 praecipitia
805 1748 977 1803 ingenia
1003 1749 1186 1790 sortitas.
1239 1748 1332 1803 Sed,
1360 1765 1467 1804 quae

209 1879 225 1907 1
254 1874 485 1920 Philippum]
512 1876 752 1920 philipphum
778 1881 813 1910 P.
962 1882 980 1910 ‘2
1009 1876 1143 1923 Clitus]
1177 1878 1297 1922 clytus
1325 1882 1465 1911 FLPV.

113 1927 132 1954 3
159 1921 306 1956 rettulit
332 1923 542 1966 Zumptius:
584 1924 712 1958 retulit
738 1927 777 1958 A.
900 1930 920 1959 4
946 1927 1071 1969 posset
1098 1926 1241 1960 Lauer:
1280 1926 1400 1970 possit
1426 1929 1465 1960 A.

113 1973 131 2003 6
159 1970 336 2015 tropaeis]
364 1971 528 2014 tropheis
557 1975 589 2005 C.
712 1972 920 2018 dumtaxat]
949 1973 1129 2007 duxtaxat
1149 1976 1174 2006 B
1196 1986 1240 2007 m.
1265 1985 1334 2017 pin,
1361 1973 1465 2007 dum-

111 2019 217 2050 taxaz
244 2020 279 2050 P.
368 2021 386 2050 9
414 2019 640 2064 percontari]
674 2020 904 2063 pei-contrari
930 2023 966 2054 P.
1048 2020 1160 2066 Clito]
1194 2020 1294 2064 clyto
1324 2024 1465 2054 BLPV.

114 2068 156 2098 10
183 2064 316 2109 Clitus]
345 2064 466 2108 clytus
486 2069 520 2099 P.
628 2071 667 2100 11
697 2068 819 2112 gesta]
846 2068 941 2101 iesta
961 2071 996 2101 P.
1104 2072 1146 2101 13
1173 2068 1374 2113 patienter]
1402 2080 1467 2112 pa-

113 2112 251 2146 cienter
271 2115 343 2145 PV.
420 2116 462 2146 14
490 2113 621 2159 Clitus]
643 2114 763 2157 clytus
790 2118 815 2147 B
837 2126 925 2149 corr.
947 2118 1052 2148 FPV.
1131 2120 1172 2149 16
1200 2116 1465 2161 imperaturus]

113 2158 377 2203 impetraturus
399 2164 430 2193 c.
532 2165 570 2194 17
602 2161 718 2196 Clitus
746 2163 1036 2197 Freinshemius:
1065 2162 1184 2207 clytus
1206 2167 1245 2197 A.
1345 2174 1387 2198 eo
1411 2175 1466 2197 re—

112 2206 283 2241 mittente
309 2207 520 2242 Acidalius:
557 2219 681 2243 eorum
715 2210 909 2244 omittente
935 2213 974 2243 A.
1106 2214 1147 2244 18
1176 2209 1309 2256 Clitus]
1343 2211 1465 2254 clytus

113 2256 252 2287 BFPV.
327 2254 623 2301 Parmenionem]
651 2257 951 2300 parmoenionem
973 2260 1042 2291 BP.
1119 2262 1162 2291 ’22
1190 2257 1323 2303 Clitus]
1345 2258 1464 2301 clytus

112 2303 252 2334 BFPV.
327 2304 366 2334 at
386 2304 485 2347 cum]
507 2305 545 2336 at
566 2307 598 2337 C.
674 2308 716 2337 23
742 2305 822 2349 agis
843 2305 1054 2339 Acidaliae:
1083 2305 1202 2350 magis
1223 2309 1263 2339 A.
1338 2309 1381 2339 ‘25
1410 2316 1464 2338 re—

112 2347 263 2393 bellem]
289 2348 470 2383 rebellum
496 2354 521 2383 P
541 2363 585 2385 m.
604 2362 660 2395 pr.
760 2355 802 2386 27
830 2351 1068 2397 praecipitia]
1096 2352 1290 2397 pretipitia
1315 2357 1351 2386 L.
