1610 2522
71 197 88 209 Ρ

74 210 85 231 d

58 745 91 768 10

57 1041 90 1066 15

56 1338 90 1363 20

374 82 709 117 HISTORIARUM
736 82 1019 116 ALEXANDRI
1046 82 1088 118 X.
1120 88 1148 116 1.
1171 87 1201 116 2.
1383 84 1466 125 357

202 192 340 248 Igitur
382 204 477 233 xxx
515 191 695 233 navibus
736 190 914 232 Sunium
954 191 1252 232 transmittunt
1284 217 1340 220 —
1374 193 1522 246 pro-II

113 254 376 294 muntorium
411 254 473 293 est
505 251 674 293 Atticae
712 254 848 292 terrae
887 275 962 304 ——·,
1001 251 1111 292 unde
1144 254 1314 305 portum
1352 251 1470 293 urbis

114 315 255 366 petere
288 311 570 353 decreverant.

202 370 282 411 His
322 370 506 425 cognitis
546 384 616 410 rex
657 369 847 424 Harpalo
888 369 1311 424 Atheniensibusque
1350 372 1470 412 iuxta
1497 378 1515 407 2

113 431 293 472 infestus
327 430 503 472 classem
538 430 678 483 parari
711 430 827 470 iubet
860 429 1050 470 Athenas
1083 430 1280 483 protinus
1314 431 1469 484 petitu—

111 504 195 531 rus.
259 489 381 539 Quod
421 489 645 530 consilium
680 489 787 531 clam
821 489 1002 543 agitanti
1034 488 1201 530 litterae
1234 489 1470 530 redduntur
1497 497 1516 527 3

112 549 347 603 Harpalum
379 549 559 590 intrasse
587 549 757 602 quidem
779 548 982 601 Athenas,
1013 550 1195 602 pecunia
1221 550 1470 590 conciliasse

112 608 193 650 sibi
244 609 487 663 principum
532 609 714 649 animos:
764 623 864 649 mox
910 608 1091 649 concilio
1137 608 1276 662 plebis
1320 608 1469 650 habito

112 668 272 709 iussum
315 668 420 708 urbe
461 668 659 709 excedere
701 668 753 708 ad
793 666 974 708 Graecos
1016 668 1174 708 milites
1215 668 1470 723 pervenisse,

110 727 291 768 navibus
321 727 418 767 inde
440 726 608 768 Cretam
630 730 918 768 transvectum
941 728 1068 768 aom'co
1090 727 1274 781 quodam
1297 731 1469 769 auctore

114 786 418 840 interemptum
450 801 526 841 per
552 786 738 827 insidias,
791 786 870 827 His
897 786 1033 827 laetus
1061 788 1104 827 in
1124 786 1343 841 Europam
1371 787 1469 828 trai-
1495 794 1515 823 4

111 846 247 886 ciendi
287 847 510 887 consilium
550 847 711 900 omisit,
757 846 828 887 sed
867 847 1010 887 exules
1050 849 1219 900 praeter
1261 861 1351 901 eos,
1395 848 1469 900 qui

111 905 227 947 civili
259 906 464 961 sanguine
496 907 655 960 aspersi
689 908 820 959 erant,
861 906 992 960 recipi
1025 906 1077 946 ab
1112 906 1309 947 omnibus
1344 905 1469 946 Grae-

111 979 257 1006 corum
290 965 553 1018 civitatibus,
587 965 682 1019 quis
714 965 827 1019 pulsi
861 968 998 1016 erant,
1030 965 1166 1006 iussit.
1230 965 1288 1006 Et
1320 964 1470 1006 Graeci
1496 972 1516 1001 5

111 1023 223 1065 haud
251 1025 343 1065 ausi
369 1024 595 1078 imperium
623 1025 852 1079 aspernari,
883 1039 1142 1079 quamquam
1170 1025 1468 1066 solvendarum

110 1084 251 1139 legum
307 1083 349 1124 id
392 1084 651 1138 principium
698 1098 788 1125 esse
833 1084 1080 1138 censebant,
1131 1085 1243 1126 bona
1287 1099 1468 1139 quoque,

111 1157 217 1197 quae
251 1146 459 1196 extarent,
503 1144 726 1185 restituere
766 1144 989 1184 damnatis.
1051 1143 1141 1185 Soli
1173 1143 1470 1199 AthenienseS,
1496 1150 1515 1180 6

110 1217 196 1243 non
224 1203 289 1243 sui
315 1203 454 1255 modo,
482 1203 554 1243 sed
581 1204 709 1244 etiam
735 1202 936 1245 Graeciae
957 1203 1156 1256 vindices,
1184 1204 1468 1245 colluvionem

111 1261 308 1303 ordinum
347 1263 654 1317 hominumque
688 1277 812 1317 aegre
845 1262 1038 1303 ferebant
1069 1278 1155 1304 non
1188 1263 1306 1318 regio
1339 1264 1470 1317 impe-

110 1321 192 1375 rio,
236 1321 306 1361 sed
343 1321 511 1377 legibus
543 1322 819 1376 moribusque
850 1323 1002 1377 patriis
1034 1323 1124 1378 regi
1157 1323 1339 1365 adsueti:
1372 1337 1468 1377 pro-
1497 1329 1515 1358 7

109 1380 284 1421 hibuere
326 1381 458 1436 igitur
503 1381 646 1422 exules
687 1381 845 1423 finibus
887 1382 1030 1422 omnia
1066 1382 1212 1436 potius
1243 1382 1468 1424 toleraturi

110 1454 236 1493 quam
281 1443 561 1494 purgamenta
607 1441 819 1494 quondam
864 1441 982 1482 urbis
1028 1456 1144 1496 suae,
1194 1445 1295 1483 tunc
1340 1441 1467 1482 etiam

110 1498 227 1539 exilii
260 1499 544 1540 admitterent.

198 1558 439 1599 Alexander
483 1559 721 1601 senioribus
760 1561 944 1601 militum
985 1560 1027 1600 in
1063 1560 1246 1615 patriam
1279 1560 1468 1601 remissis
1495 1565 1515 1595 S

56 1635 83 1659 Ξ,
111 1628 193 1657 XIII
225 1617 343 1658 milia
374 1618 566 1672 peditum
600 1622 641 1659 et
673 1631 705 1660 ΙΙ
737 1620 856 1660 milia
888 1620 1098 1674 equitum,
1144 1634 1252 1673 quae
1289 1621 1332 1660 in
1367 1619 1470 1660 Asia

109 1677 324 1730 retineret,
363 1677 464 1733 eligi
501 1678 626 1719 iussit
668 1679 917 1720 existimans
949 1679 1115 1720 modico
1151 1680 1340 1720 exercitu
1373 1694 1469 1720 con—

108 1736 244 1777 tinere
282 1751 406 1790 posse
439 1736 605 1791 Asiam,
648 1739 747 1791 quia
779 1738 974 1793 pluribus
1005 1739 1111 1781 locis
1143 1738 1355 1793 praesidia
1388 1739 1468 1779 dis-

208 1869 223 1897 1
251 1865 564 1911 promuntorium]
592 1867 864 1910 promutorium
888 1871 924 1901 P.
1042 1871 1061 1900 2
1089 1867 1253 1913 Atticae]
1281 1867 1400 1901 aticae
1427 1871 1466 1900 V.

110 1916 131 1944 4
157 1912 236 1958 rex]
264 1922 307 1945 ex
332 1916 358 1945 P
381 1925 422 1946 m.
439 1924 496 1956 pr.
581 1913 762 1960 Harpalo]
790 1914 918 1959 arpalo
946 1919 977 1948 C.
1079 1918 1098 1948 6
1127 1915 1223 1949 clam
1244 1915 1406 1959 agitanti
1432 1919 1465 1948 1:

111 1959 207 1993 clam
233 1959 381 2004 agitant
401 1964 437 2001 P,
465 1971 548 1994 cum
570 1960 665 1995 clam
689 1962 809 2006 agitat
831 1967 863 1996 c.
942 1966 958 1996 7
986 1962 1208 2008 Harpalum]
1236 1962 1404 2007 arpalum
1432 1967 1464 1996 c.

111 2009 131 2039 8
169 2006 396 2053 principum]
429 2008 648 2052 printipiuni
682 2013 707 2042 L
729 2021 771 2043 1η.
787 2022 847 2054 pr.
977 2010 1134 2056 animos]
1169 2021 1270 2044 amos
1297 2014 1322 2043 P
1345 2022 1390 2044 m.
1404 2022 1464 2054 pr.

111 2057 154 2086 10
186 2054 342 2088 navibus
375 2055 462 2089 inde
492 2054 639 2090 Cretam
671 2058 923 2091 transvectum
955 2059 1092 2092 anzico
1125 2058 1286 2101 quodam
1318 2059 1464 2102 scripsi:

110 2101 245 2145 quibus
271 2101 521 2147 interceptum
547 2104 774 2138 trucidatum
804 2115 825 2138 a
845 2104 1009 2148 quodam
1035 2108 1073 2138 A.
1151 2109 1192 2139 11
1221 2104 1303 2150 His]
1330 2105 1402 2138 hiis
1429 2109 1464 2138 L.

111 2151 153 2181 12
187 2149 312 2183 omisit
338 2153 369 2184 1:
404 2150 529 2184 emisit
554 2154 592 2184 A.
766 2157 807 2186 15
842 2152 1101 2186 solvendarum
1127 2156 1161 2186 1:
1195 2152 1399 2186 solidarum
1425 2155 1464 2186 A.

112 2199 153 2228 17
176 2195 380 2243 damnatis]
401 2197 614 2242 dampnatis
640 2202 679 2233 V.
757 2202 799 2233 18
827 2200 883 2233 sui
905 2200 1064 2244 Ieepz'us:
1093 2211 1158 2233 suo
1185 2203 1224 2233 A.
1289 2199 1466 2234 Graeciae

108 2243 254 2287 seerpsi:
293 2244 442 2288 publice
480 2249 519 2278 A.
680 2250 721 2280 19
761 2247 932 2280 ordinum
969 2248 1178 2291 Zumptz'us:
1219 2247 1386 2281 ordinem
1424 2250 1464 2280 A.

109 2289 375 2334 hominumque
414 2293 573 2336 Ieepz‘us:
618 2293 810 2327 hominum
848 2294 937 2337 quia
974 2298 1003 2327 A
1041 2294 1245 2339 [hominem
1284 2295 1372 2338 quia
1410 2295 1462 2339 F]

110 2341 153 2370 23
181 2337 298 2383 exilii]
327 2338 437 2372 exilia
462 2343 498 2373 L.
575 2343 617 2374 26
645 2340 748 2386 eligi]
777 2341 873 2386 elegi
899 2345 934 2375 P.
1012 2345 1053 2374 27
1082 2342 1185 2387 quia]
1213 2341 1276 2385 qui
1299 2345 1462 2385 P712.pr.
