1610 2522
311 68 637 102 l-HSTORIARUM
671 68 945 101 ALEXANDR]
978 68 1033 104 111,
1062 72 1091 100 9.
1119 71 1168 101 10.
1195 72 1245 101 11.
1398 68 1450 107 27

101 178 266 219 dirutae
288 177 448 232 species
474 177 870 231 repraesentabatur
897 176 1060 218 animis.
1116 176 1200 217 lani
1226 178 1451 218 Granicum

101 253 285 291 amnem,
326 237 411 278 iam
450 240 515 278 tot
554 237 678 278 urbes
721 240 794 278 aut
832 239 1094 291 expugnatas
1136 239 1209 277 aut
1250 236 1293 278 in
1326 236 1449 277 fidem

100 300 292 352 acceptas
326 297 570 350 omniaque,
604 311 711 350 quae
744 299 842 351 post
875 299 1043 350 tergum
1077 299 1213 349 erant,
1247 298 1379 337 strata
1412 299 1453 337 et

100 357 277 411 pedibus
323 357 511 410 ipsorum
559 356 747 397 subiecta
791 355 1064 397 memorabat.
1142 355 1246 396 Cum
1292 356 1453 396 adierat

64 433 78 457 5
101 415 298 469 Graecos,
339 416 593 457 admonebat
635 415 686 456 ab
727 415 793 457 his
835 415 1034 471 gentibus
1077 415 1209 456 inlata
1251 414 1451 457 Graeciae

100 476 210 517 bella
230 475 356 516 Darei
388 476 517 529 prius,
545 475 692 516 deinde
714 475 865 516 Xerxis
893 475 1132 528 insolentia,
1159 489 1313 528 aquam
1337 475 1452 529 ipsos

99 539 339 589 terramque
366 535 644 588 poscentium,
677 538 724 575 ut
755 549 894 588 neque
921 535 1106 576 fontium
1139 534 1340 575 haustum
1375 549 1452 576 nec

99 595 249 636 solitos
271 594 388 636 cibos
410 594 699 649 relinquerent
726 594 890 635 deditis.
942 593 1009 635 Ab
1036 594 1103 635 his
1132 594 1293 648 templa
1317 595 1451 635 ruinis

99 657 139 695 et
161 654 334 707 ignibus
362 669 452 695 esse
480 654 628 706 deleta,
654 653 780 694 urbes
802 668 946 695 eorum
979 656 1255 709 expugnatas,
1282 654 1451 695 foedera

48 732 79 755 10
100 708 232 754 divini
259 714 518 767 humanique
546 713 649 754 iuris
684 714 842 754 violata
867 713 1088 754 referebat.
1146 712 1318 767 Illyrios
1353 729 1451 755 vero

99 776 140 814 et
172 772 356 814 Thracas
389 777 510 827 rapto
544 773 682 814 vivere
722 773 920 814 adsuetos
957 773 1087 814 aciem
1127 773 1315 814 hostium
1350 788 1450 814 auro

98 847 370 887 purpuraque
408 833 643 887 fulgentem
684 832 838 873 intueri
880 833 1070 885 iubebat,
1109 832 1326 886 praedam,
1365 847 1448 874 non

99 907 214 933 arma
241 894 495 947 gestantem:
529 892 640 933 irent
666 895 707 932 et
735 891 963 934 inbellibus
993 892 1164 933 feminis
1192 907 1341 933 aurum
1370 892 1449 933 viri

98 952 319 1005 eriperent,
346 966 493 1006 aspera
519 952 730 993 montium
752 966 925 993 suorum
952 952 1051 1007 iuga
1077 952 1295 1006 nudasque
1323 952 1450 993 calles

46 1029 75 1053 15
97 1014 138 1052 et
176 1014 382 1065 perpetuo
426 1011 612 1067 rigentes
651 1011 749 1067 gelu
784 1011 987 1052 divitibus
1030 1011 1254 1053 Persarum
1290 1011 1449 1065 campis

96 1071 292 1125 agrisque
325 1073 551 1112 mutarent.

26 1134 75 1169 26
185 1129 273 1171 Iam
317 1130 368 1171 ad
412 1130 486 1171 teli
532 1130 689 1171 iactum
736 1133 1031 1184 pervenerant,
1083 1145 1177 1172 cuni
1223 1130 1447 1172 Persarum

97 1189 260 1243 equites
286 1190 484 1231 ferociter
511 1190 553 1230 in
580 1190 747 1231 laevum
775 1205 906 1232 cornu
933 1190 1122 1232 hostium
1150 1190 1307 1231 invecti
1335 1194 1450 1232 sunt:

97 1250 255 1303 quippe
282 1249 445 1291 Dareus
479 1249 664 1304 equestri
697 1249 860 1304 proelio
895 1250 1114 1291 decernere
1143 1250 1319 1303 optabat
1350 1251 1451 1304 pha-

43 1327 76 1350 ‘20
96 1308 265 1364 lang-em
310 1308 571 1350 Macedonici
625 1309 833 1351 exercitus
879 1309 1010 1350 robur
1059 1324 1150 1351 esse
1195 1309 1448 1351 coniectans.

96 1367 270 1422 Iamque
303 1368 430 1409 etiam
470 1368 665 1410 dextrum
700 1367 933 1410 Alexandri
972 1383 1102 1410 cornu
1136 1368 1448 1410 circumibatur.

98 1426 219 1476 Quod
252 1427 324 1468 ubi
358 1427 532 1469 Macedo
573 1429 812 1482 conspexit,
852 1429 1013 1470 duabus
1053 1428 1131 1469 alis
1172 1429 1361 1483 equitum
1397 1429 1449 1470 ad

97 1486 244 1542 iugum
271 1487 430 1528 montis
457 1487 582 1528 iussis
610 1487 839 1528 subsistere
868 1490 1029 1529 ceteros
1056 1489 1098 1529 in
1129 1489 1316 1530 medium
1348 1488 1447 1529 belli

98 1546 322 1587 discrimen
357 1549 525 1588 strenue
558 1547 772 1587 transfert.
838 1547 1066 1589 Subductis
1096 1547 1245 1589 deinde
1279 1562 1329 1588 ex
1361 1549 1449 1590 acie

44 1622 75 1647 :25
98 1605 311 1646 Thessalis
340 1606 554 1660 equitibus
582 1607 841 1660 praefectum
863 1622 1007 1648 eorum
1035 1607 1199 1649 occulte
1228 1607 1450 1649 circumire

98 1667 263 1730 tergum
292 1680 464 1706 suorum
491 1666 609 1707 iubet
635 1665 992 1732 Parmenionique
1022 1667 1223 1734 coniungi
1252 1670 1304 1719 et,
1337 1668 1449 1721 quod

96 1724 132 1765 is
165 1725 427 1778 imperasset,
461 1725 625 1780 inpigre
652 1726 814 1779 exequi.
877 1725 1053 1781 Iamque
1080 1727 1259 1768 immissi
1290 1726 1335 1767 in
1367 1741 1450 1768 me-

98 1783 212 1824 dium
248 1783 474 1825 Persarum
506 1785 692 1839 undique
729 1785 971 1827 circumfusi
1011 1786 1179 1841 eoregie
1218 1786 1450 1827 tuebantur

95 1857 152 1897 se,
192 1843 263 1884 sed
297 1844 478 1918 conferti
511 1847 551 1884 et
584 1845 702 1897 quasi
738 1844 1009 1886 cohaerentes
1048 1846 1133 1886 tela
1165 1845 1331 1887 viblare
1363 1860 1449 1887 non

191 1952 210 1981 2
233 1959 379 1982 amnem
394 1949 534 1984 Lauer:
552 1959 685 1993 agmen
700 1954 733 1991 C
749 1960 882 1994 agnem
896 1954 921 1983 P
936 1962 979 1985 111.
990 1963 1049 1995 pr.
1124 1951 1198 1984 iam
1213 1952 1270 1984 tot
1284 1955 1322 1984 C:
1345 1952 1401 1985 tot
1412 1955 1446 1985 P.

97 2000 116 2028 3
138 1995 346 2039 omniaque,
368 2007 463 2039 quae
486 1997 718 2031 Ῐ”’1’11ᾱεῖί11118;
740 1997 864 2031 omnia
885 2009 1053 2043 quaeque
1068 2001 1106 2031 A.
1182 2000 1266 2042 post
1286 2000 1448 2044 tergum}

96 2043 310 2087 postergum
338 2048 370 2078 C.
446 2048 465 2077 ζ»
494 2044 556 2089 ab]
585 2044 630 2077 ad
657 2048 696 2077 V.
773 2049 791 2077 6
818 2045 1017 2080 insolentia
1038 2046 1260 2080 Frobemus:
1288 2043 1449 2080 insolen-

95 2090 171 2124 tiae
198 2094 236 2124 A.
336 2095 355 2124 8
382 2091 634 2135 relinquerent
659 2095 692 2125 1:
719 2092 947 2136 relinqueret
972 2096 1010 2126 A.
1110 2093 1257 2127 deditis.
1308 2093 1364 2127 Ab
1391 2093 1449 2128 his

97 2138 306 2182 Zumptius:
335 2138 463 2172 dedita
484 2139 536 2172 eis
557 2142 594 2171 A.
684 2144 725 2173 10
746 2140 906 2185 Hlyrios]
932 2140 1062 2174 illirios
1085 2146 1116 2175 C.
1206 2146 1247 2174 15
1270 2140 1447 2176 divitibus

96 2189 121 2218 P
141 2197 185 2219 m.
201 2197 278 2229 μνη
307 2185 447 2219 ditibus
470 2190 501 2219 C.
603 2190 643 2220 17
673 2187 719 2221 ad
740 2187 822 2233 teli]
843 2188 911 2221 teli
932 2188 979 2222 ad
999 2192 1038 2222 V
1124 2192 1166 2221 ‘22
1189 2188 1274 2234 alis]
1295 2188 1436 2222 halis?

98 2236 140 2266 25
174 2232 361 2266 Thessalis
388 2237 420 2267 I:
454 2235 528 2267 tes..
524 2233 656 2267 alisA
628 2236 666 2267 A.
789 2239 832 2269 26
872 2235 1062 2289 coniungi]
1098 2236 1245 2281 coniugi
1270 2239 1295 2269 B
1328 2249 1372 2270 m.
1389 2249 1446 2281 p)

99 2283 140 2312 27
173 2280 393 2324 imperasset
418 2285 450 2314 1:
488 2281 724 2325 impetrasset
756 2285 795 2316 A.
925 2283 1081 2317 immissi
1107 2284 1278 2318 Fossms.
1315 2283 1387 2327 ipsi
1415 2288 1446 2323 c,

98 2327 178 2370 ipse
204 2331 229 2360 P
254 2339 300 2362 m
314 2339 372 2372 pr.
473 2332 515 2361 28
541 2328 744 2363 tuebantur
768 2341 810 2365 se
834 2331 980 2374 scripse:
1008 2330 1210 2364 tuebantur
1236 2334 1274 2364 A.

1480 906 1522 936 10

1475 1137 1522 1170 XI

1477 1443 1495 1471 [ὗ

1476 1739 1495 1769 4
