1610 2522
352 100 687 137 HISTORIARUM
716 101 997 135 ALEXANDRI
1023 101 1117 144 VIII,
1147 106 1176 135 1,
1356 102 1441 144 253

89 212 318 265 ceptacula.
363 210 575 260 Quattuor
596 211 809 252 continuis
832 210 1041 251 aetatibus
1057 211 1264 252 intactum
1285 212 1441 252 saltum
1471 223 1511 252 13

88 271 216 311 fuisse
250 271 485 325 constabat,
518 286 612 311 cum
634 269 875 311 Alexander
907 285 1002 312 cum
1037 273 1128 311 toto
1162 271 1350 312 exercitu
1380 272 1442 312 in-

88 344 257 384 gressus
295 330 448 385 agitari
485 330 672 384 undique
710 331 820 371 feras
862 330 996 371 iussit.
1060 329 1176 371 Inter
1209 345 1312 385 quas
1346 344 1441 372 cum
1471 342 1511 371 14

86 390 152 430 leo
192 389 497 444 magnitudinis
536 403 654 430 rarae
692 389 832 444 ipsum
876 404 1017 445 regem
1048 390 1273 431 invasurus
1306 390 1442 431 incur-

52 466 66 490 5
87 452 209 503 reret,
240 450 351 490 forte
377 449 668 503 LysiniachUS,
702 450 774 503 qui
807 451 955 503 postea
980 450 1186 503 regnavit,
1218 450 1440 504 proximus

88 508 330 549 Alexandro
364 508 620 550 venabulum
655 508 821 550 obicere
854 509 967 549 ferae
1000 512 1213 563 coeperat:
1249 523 1334 563 quo
1367 524 1440 550 rex

87 569 257 623 repulso
298 571 338 609 et
371 568 486 609 abire
520 569 633 609 iusso
667 568 821 609 adiecit
852 571 939 609 tam
973 583 996 609 a
1029 571 1161 610 semet
1193 584 1278 610 uno
1313 584 1440 623 quam

87 642 110 668 a
131 628 386 681 Lysimacho
418 629 585 669 leonem
618 628 798 669 interfici
831 642 968 682 posse.
1019 628 1301 682 Lysimachus
1329 629 1440 670 enim
1470 640 1511 668 15

87 687 319 741 quondam,
358 701 452 729 cum
486 689 740 728 venarentur
772 687 815 728 in
848 686 989 741 Syria,
1024 688 1236 729 occiderat
1269 688 1439 742 quidem

34 764 67 788 1ο
87 747 266 788 eximiae
306 746 613 802 magnitudinis
651 746 785 787 feram
824 748 957 801 solus,
1002 747 1074 788 sed
1109 749 1228 788 laevo
1261 748 1439 789 humero

85 820 219 860 usque
253 807 304 847 ad
332 821 427 848 ossa
452 808 638 848 lacerato
668 806 721 847 ad
748 806 947 848 ultimum
974 808 1152 861 periculi
1179 811 1439 861 pervenerat.

84 864 133 906 Id
166 866 306 920 ipsum
339 866 599 920 exprobrans
633 866 668 907 ei
703 881 777 907 rex
809 867 977 920 fortius,
1010 881 1136 920 quam
1168 868 1337 909 locutus
1364 871 1439 922 est,
1468 880 1510 909 113

84 925 203 966 fecit:
247 940 345 967 nam
383 926 515 966 feram
555 940 639 966 non
679 925 845 979 excepit
883 925 1028 979 modo,
1074 927 1146 968 sed
1185 927 1311 968 etiam
1354 942 1438 969 uno

85 986 258 1026 vulnere
291 985 455 1026 occidit.
506 984 725 1039 Fabulam,
757 1000 864 1039 quae
897 985 1112 1027 obiectum
1143 987 1257 1027 leoni
1290 1003 1313 1028 a
1341 1002 1440 1043 rege
1468 999 1508 1028 17

32 1062 63 1087 15
85 1043 387 1099 Lysimachum
420 1048 578 1085 temere
611 1045 814 1099 vulgavit,
847 1044 899 1085 ab
933 1059 981 1087 eo
1015 1059 1126 1099 casu,
1160 1061 1284 1100 quem
1313 1061 1440 1100 supra

84 1103 282 1157 diximus,
325 1107 461 1145 ortam
496 1118 586 1145 esse
620 1104 880 1145 crediderim.
946 1103 1143 1146 Ceterum
1175 1105 1439 1160 Macedones,
1469 1118 1510 1147 18

85 1178 343 1217 quamquam
381 1177 584 1218 prospero
619 1166 771 1205 eventu
805 1163 1032 1206 defunctus
1065 1168 1153 1206 erat
1186 1164 1439 1220 Alexander,

84 1225 227 1264 tamen
260 1223 418 1265 scivere
450 1223 591 1279 gentis
625 1238 725 1264 suae
757 1238 886 1277 more,
918 1239 971 1265 ne
1004 1227 1076 1265 aut
1108 1224 1235 1279 pedes
1268 1239 1440 1267 venare-

84 1284 154 1323 tur
186 1285 259 1323 aut
292 1283 381 1324 sine
414 1282 586 1324 delectis
620 1283 861 1337 principum
894 1286 1021 1337 atque
1054 1284 1301 1326 amicorum.
1362 1284 1440 1327 Ille
1469 1297 1509 1326 19

30 1360 63 1384 20
84 1353 151 1382 [ΙΙΙ
184 1342 356 1383 milibus
390 1342 573 1383 ferarum
607 1342 781 1383 deiectis
815 1343 858 1383 in
891 1343 1038 1384 eodem
1073 1345 1182 1385 saltu
1217 1358 1313 1385 cum
1346 1347 1438 1386 toto

84 1402 270 1442 exercitu
303 1403 498 1455 epulatus
532 1404 604 1442 est.

39 1465 61 1500 3
172 1459 274 1502 Inde
294 1460 548 1503 Maracanda
581 1461 763 1502 reditum
798 1465 878 1503 est:
912 1466 1168 1517 acceptaque
1194 1463 1345 1504 aetatis
1373 1478 1438 1504 ex-

84 1520 300 1561 cusatione
338 1520 390 1561 ab
426 1521 637 1562 Artabazo
678 1521 942 1576 provinciam
977 1523 1065 1563 eius
1099 1523 1282 1564 destinat
1316 1521 1437 1564 Clito.

83 1578 164 1620 Hic
199 1583 304 1633 erat,
344 1580 417 1633 qui
453 1580 565 1634 apud
598 1579 826 1623 Granicum
860 1596 1026 1622 amnem
1059 1582 1174 1624 nudo
1208 1582 1344 1636 capite
1378 1598 1438 1623 re·
1466 1595 1509 1624 ‘20

30 1657 62 1682 25
85 1653 179 1694 gem
224 1639 497 1681 dimicantem
530 1639 666 1694 clipeo
700 1655 776 1681 suo
810 1641 919 1681 texit
952 1644 993 1682 et
1025 1641 1231 1682 Rhosacis
1264 1657 1434 1683 manum

180 1748 196 1778 1
227 1743 424 1790 Quattuor]
451 1745 508 1779 11ἶ1
527 1749 562 1778 P.
662 1750 680 1778 ‘2
711 1756 794 1779 cum
818 1747 966 1790 scripsi:
994 1757 1105 1790 quem
1125 1750 1163 1780 A.
1266 1751 1284 1779 3
1312 1747 1437 1792 iussit]

82 1792 196 1825 russit
220 1795 246 1824 P
274 1804 316 1826 m.
332 1804 391 1836 pr.
531 1797 552 1826 4
578 1792 797 1839 incurreret]
824 1793 1077 1828 incucurreret
1103 1798 1145 1828 Η.
1287 1798 1306 1828 5
1333 1794 1436 1839 Lysi-

82 1838 252 1884 machus]
280 1839 496 1874 lisimachus
524 1844 555 1874 c.
667 1843 687 1874 8
714 1840 952 1887 Lysimacho]
979 1841 1175 1876 lisimacho
1203 1846 1234 1876 C.
1333 1841 1437 1886 Lysi-

83 1886 250 1932 machus]
277 1886 494 1922 lisimachus
517 1891 548 1921 c.
697 1891 715 1922 9
743 1890 967 1923 venarentur
992 1893 1034 1924 P:
1068 1890 1269 1923 uenaretur
1293 1892 1320 1923 B
1346 1900 1437 1925 corr.

82 1937 142 1967 ΕΙ.
163 1945 264 1975 corr.¹
285 1936 485 1969 ueneretur
504 1938 529 1968 B
551 1947 594 1969 m.
612 1947 670 1979 pr.
692 1939 716 1968 L
737 1948 781 1969 m.
797 1948 856 1981 pr.
878 1939 917 1970 V.
992 1936 1031 1970 in
1053 1936 1159 1981 Syria
1178 1941 1211 1971 I:
1233 1937 1271 1970 in
1292 1937 1381 1971 siria
1401 1941 1436 1978 Ρ,

82 1981 218 2015 insidia
246 1986 277 2015 G.
402 1986 442 2016 11
471 1982 634 2017 lacerato
660 1987 694 2017 1:
721 1983 926 2018 laceratum
954 1987 991 2017 A.
1118 1988 1160 2018 12
1187 1984 1336 2030 fortius]
1364 1985 1437 2018 for—

83 2028 161 2063 cius
187 2033 222 2062 V.
363 2033 404 2063 13
432 2029 563 2076 feram]
590 2030 687 2064 feras
714 2035 739 2063 F
763 2043 804 2064 m.
821 2043 879 2075 pr.
1014 2037 1056 2066 14
1084 2032 1286 2078 obiectum]
1314 2033 1435 2067 obiec—

83 2078 160 2110 tam
186 2080 221 2111 P.
334 2082 376 2111 15
403 2077 682 2124 Lysimachum]
708 2078 943 2113 lisimachum
973 2083 1003 2113 C.
1123 2083 1165 2113 17
1193 2081 1436 2126 quamquam]

83 2135 194 2166 quam
213 2128 249 2159 P.
321 2128 363 2158 18
384 2136 484 2159 more
507 2126 737 2161 Vindelinus:
760 2137 899 2161 morem
919 2130 957 2161 A.
1032 2138 1079 2161 ne
1100 2128 1165 2161 aut
1187 2128 1434 2163 Muetzellius:

83 2182 168 2204 nam
182 2173 225 2205 ut
238 2175 277 2206 A.
352 2173 562 2218 venaretur]
583 2176 782 2208 ueheretur
796 2178 828 2208 c.
906 2177 947 2208 19
969 2176 1034 2208 aut
1049 2175 1185 2210 Aldus:
1207 2175 1310 2209 haud
1324 2179 1363 2209 A.

84 2218 238 2253 delectis
273 2220 504 2255 Vindelinus:
539 2221 686 2255 dilectis
713 2224 751 2254 A
884 2222 1112 2268 principum]
1145 2223 1372 2267 principium
1398 2227 1434 2257 P.

84 2269 127 2299 ‘20
153 2278 210 2300 1111
241 2266 408 2312 milibus]
440 2271 551 2301 fffiss-
580 2272 615 2302 P.
762 2272 804 2302 22
839 2269 1093 2315 excusatione]
1127 2270 1375 2304 excusationis
1402 2275 1434 2304 G.

84 2316 126 2346 23
153 2313 398 2359 provinciam]
424 2315 653 2358 prouintiam
680 2320 710 2349 c.
821 2315 932 2362 Clito]
961 2316 1059 2360 clyto
1085 2321 1121 2350 P.
1228 2322 1271 2351 25
1299 2317 1435 2363 clipeo]

83 2360 212 2405 clypeo
238 2365 273 2395 P.
372 2361 552 2396 Rhosacis
578 2366 604 2396 Β
626 2375 669 2396 m.
690 2374 772 2398 sec:
799 2363 964 2398 hrosacis
991 2368 1029 2398 A.
