1610 2522
370 101 702 136 HISTORIARUM
730 99 1010 134 ALEXANDRI
1039 98 1114 140 1111,
1142 104 1171 134 ’2.
1390 98 1443 138 4ῖ

98 226 262 254 sacrum
315 212 650 253 anniversarium
702 226 817 251 more
875 209 1014 263 patrio
1072 211 1173 249 tunc
1228 210 1446 249 venerant:

98 272 255 326 quippe
278 270 576 326 Carthaginem
599 270 717 325 Tyrii
738 269 1017 310 condiderunt
1038 283 1203 322 semper
1223 270 1446 321 parentum

98 331 190 372 loco
224 331 338 372 culti.
401 330 577 371 Hortari
610 344 710 385 ergo
746 329 876 370 Poeni
911 331 1152 383 coeperunt,
1185 330 1232 368 ut
1266 327 1447 369 obsidio-

98 406 193 432 nem
226 391 327 431 forti
360 391 502 431 31111110
536 392 800 444 paterentur:
839 389 957 429 brevi
992 387 1250 442 Carthagine
1290 386 1449 427 auxilia

62 468 76 492 5
99 453 285 492 ventura.
367 449 561 503 Namque
613 464 660 490 ea
710 450 964 502 tempestate
1017 461 1168 501 magna
1227 461 1275 487 ex
1328 448 1448 500 parte

54 509 270 551 {JPunicis
315 509 521 550 classibus
576 509 709 549 maria
752 507 1071 548 obsidebantur.
1146 506 1285 561 Igitur
1337 505 1447 546 bello
1500 523 1508 531 ⁹

98 569 266 609 decreto
294 583 368 622 per
395 583 537 610 muros
565 571 788 622 turresque
815 569 1028 608 tormenta
1055 566 1301 620 disponunt,
1333 579 1448 606 311113

100 628 336 669 iunioribus
377 628 588 681 dividunt,
628 628 820 682 opifices,
860 641 1037 681 quorum
1081 626 1204 679 copia
1237 626 1339 665 urbs
1379 624 1447 664 ab*

98 688 295 740 undabat,
335 688 376 728 in
417 687 608 729 officinas
647 687 920 728 distribuunt.
991 684 1143 726 Omnia
1181 684 1282 726 belli
1323 700 1446 738 appa-

46 766 77 790 ιο
99 751 190 788 ratu
230 750 442 801 strepunt:
487 748 646 788 ferreae
686 761 855 800 quoque
894 760 1044 787 manus
1082 770 1138 773 ——
1178 744 1447 800 harpagonas

99 810 251 848 vocant
284 832 358 860 —7
392 822 495 861 quas
530 806 728 860 operibus
761 806 951 847 hostium
984 805 1208 858 inicerent,
1248 804 1448 857 corvique

98 869 139 907 et
190 867 273 907 alia
322 866 490 908 tuendis
547 866 724 907 urbibus
783 865 1024 920 excogitata
1074 864 1448 919 praeparabantur.

98 926 177 967 Sed
221 940 315 967 cum
357 926 601 967 fornacibus
644 926 821 979 ferrum7
863 925 976 978 quod
1019 924 1168 965 excudi
1212 923 1449 977 oportebat,

99 985 333 1040 inpositum
373 988 500 1039 esset,
539 985 804 1039 admotisque
842 985 1021 1025 follibus
1061 983 1200 1039 ignem
1242 983 1346 1023 flatu
1387 997 1449 1024 ac-

46 1063 77 1088 15
100 1045 334 1094 cenderent,
376 1045 596 1101 sanguinis
642 1045 723 1086 rivi
767 1044 844 1085 sub
888 1044 992 1098 ipsis
1034 1043 1216 1084 flammis
1259 1043 1449 1083 extitisse

99 1104 316 1146 dicuntur:
357 1105 483 1158 idque
517 1119 641 1145 omen
674 1105 718 1145 in
749 1104 1030 1145 Macedonum
1063 1102 1282 1143 interitum
1317 1105 1449 1143 verte-

99 1166 198 1205 runt
224 1163 353 1217 Tyrii.
411 1164 538 1218 Apud
559 1163 811 1205 Macedonas
840 1178 1010 1217 quoque
1037 1177 1132 1204 cum
1160 1162 1271 1203 forte
1297 1176 1448 1216 panem

100 1223 270 1277 quidam
305 1223 492 1265 militum
519 1224 777 1279 frangerent,
812 1223 1024 1264 manantis
1052 1222 1272 1277 sanguinis
1305 1224 1450 1277 guttas

98 1286 372 1337 notaverunt,
422 1283 653 1337 territoque
697 1298 797 1338 rege
841 1282 1111 1334 Aristander,
1161 1281 1447 1336 peritissimus

45 1345 256 1397 2ovatu1n7
296 1343 331 1384 si
364 1343 626 1384 extrinsecus
667 1358 791 1384 cruor
825 1343 1030 1395 fluxisset,
1063 1341 1368 1382 Macedonibus
1409 1339 1451 1380 id

100 1404 222 1443 triste
265 1402 456 1443 futurum
503 1403 578 1443 ait:
631 1405 791 1455 contra,
842 1416 935 1442 cum
982 1402 1034 1442 ab
1079 1401 1282 1442 interiore
1330 1402 1450 1454 parte

100 1462 351 1516 mana-verit,
390 1462 504 1515 urbi,
545 1477 671 1516 quam
712 1461 904 1503 obsidere
938 1461 1238 1514 destinassent>
1272 1460 1448 1500 exitium

98 1521 361 1575 portendere.
426 1521 666 1562 Alexander
699 1536 793 1562 cum
828 1524 869 1561 et
896 1520 1073 1561 classem
1100 1520 1249 1574 procul
1274 1519 1452 1560 haberet

100 1583 139 1621 et
181 1580 353 1636 longam
388 1580 654 1621 obsidionem
697 1595 851 1636 magno
897 1580 977 1621 sibi
1020 1580 1071 1620 ad
1110 1582 1250 1620 cetera
1289 1578 1449 1633 inpedi-

47 1642 243 1681 25111611130
287 1640 449 1681 videret
488 1642 595 1693 sore,
635 1640 949 1692 caduceatores,
995 1640 1066 1693 qui
1108 1639 1158 1680 ad
1191 1653 1338 1693 pacem
1378 1652 1450 1678 eos

101 1699 407 1753 conpellerent,
452 1700 587 1740 misit:
639 1714 745 1754 quos
790 1699 909 1754 Tyrii
955 1702 1101 1739 contra
1147 1699 1211 1739 ius
1258 1697 1449 1753 gentium

100 1760 261 1800 occisos
289 1760 675 1813 praecipitaverunt
707 1761 751 1800 in
787 1758 931 1800 altum.
996 1758 1138 1812 Atque
1171 1758 1243 1799 ille
1277 1772 1449 1799 suorum

99 1821 185 1858 tam
220 1819 396 1873 indigna
434 1822 569 1859 morte
602 1821 839 1860 commotus
880 1819 1026 1859 urbem
1060 1818 1255 1858 obsidere
1288 1817 1449 1858 statuit.

193 1988 214 2016 4
242 1983 466 2028 Carthagine
487 1987 528 2016 L:
556 1983 772 2028 chartagine
793 1986 865 2025 BV,
893 1983 1136 2027 charthagine
1157 1987 1193 2024 F,
1216 1982 1406 2026 cartagine
1427 1985 1452 2014 P

101 2043 143 2064 m.
160 2043 218 2074 pr.
342 2036 361 2065 6
388 2031 521 2076 maria]
554 2032 647 2064 mari
674 2035 717 2071 L,
750 2031 848 2064 maia
875 2035 900 2063 F
930 2043 970 2064 m.
987 2042 1058 2074 pr„
1085 2030 1226 2064 maiora
1254 2033 1278 2062 P
1307 2042 1348 2063 m.
1365 2028 1452 2072 piu?

103 2081 144 2110 10
171 2078 405 2123 harpagonas
432 2082 465 2111 1:
494 2088 702 2123 arpagonas
728 2082 766 2112 A.
852 2082 893 2112 14
920 2079 1031 2123 esset]
1059 2088 1137 2111 esse
1163 2081 1202 2110 V.
1289 2081 1330 2110 1ss
1358 2077 1452 2110 inte-

100 2125 213 2158 ritum
250 2126 367 2170 Voyelt
395 2128 534 2159 metum
561 2129 598 2159 A,
698 2128 886 2160 verterunt
912 2129 1024 2158 BFV:
1052 2126 1242 2159 uerterant
1269 2128 1293 2157 P
1323 2136 1364 2158 m.
1382 2136 1452 2168 pr„

101 2175 287 2206 uerterent
313 2177 337 2206 L
366 2186 406 2207 m.
424 2173 510 2217 1212?
631 2178 670 2206 21
702 2174 748 2207 ab
776 2173 965 2218 interiore]
1000 2173 1045 2206 ab
1079 2172 1301 2206 in**te1·i0re
1328 2175 1371 2214 B,
1405 2171 1451 2205 ab

102 2220 280 2254 exteriore
307 2224 342 2262 P,
371 2221 548 2254 exteriore
575 2225 602 2253 D
630 2233 671 2255 m.
691 2232 747 2264 pr.
847 2225 890 2254 22
919 2221 1124 2254 manaverit
1152 2220 1290 2254 Lauer:
1324 2229 1451 2253 mana-

102 2270 207 2301 uerat
232 2271 271 2301 A.
376 2268 642 2314 destinassent]
670 2269 894 2302 destinasset
919 2273 958 2302 D.
1063 2268 1232 2312 exit-ium]
1260 2267 1398 2301 exitum
1426 2270 1452 2299 F

104 2328 144 2349 m,
165 2326 220 2358 pr.
242 2319 267 2348 P
295 2327 335 2349 m.
354 2327 425 2359 pr„
459 2315 616 2349 exicium
642 2319 680 2349 V.
817 2320 859 2349 25
887 2326 947 2349 eos
981 2328 1046 2350 om.
1069 2320 1105 2349 D.
1243 2318 1284 2347 27
1315 2315 1451 2359 Atque]

103 2362 224 2405 adque
249 2366 274 2395 P
302 2374 343 2396 m.
361 2375 418 2407 pr.
518 2366 561 2396 28
589 2366 663 2397 tam
693 2364 843 2397 que'ns:
872 2363 943 2397 iam
972 2367 1045 2396 AD.

1478 338 1517 367 11

1480 936 1520 964 13

1479 1174 1521 1204 1-4

1482 1532 1521 1560 15
