1610 2522
128 94 210 133 14¹)
627 93 666 135 Q.
695 92 838 128 CURTI
866 93 977 128 RUFI

54 213 97 243 13
124 201 222 242 dato
270 217 437 243 currum
484 203 665 257 pristino
712 217 828 243 more
874 203 1129 244 conscendit.
1211 202 1482 245 Nabarzanes

125 262 337 315 ceterique
375 262 611 316 parricidae
650 261 979 316 procumbentes
1013 262 1149 315 humi,
1194 277 1318 316 quem
1354 264 1481 317 paulo

125 324 222 374 post
267 322 309 361 111
354 321 536 362 vinculis
580 321 769 362 habituri
814 324 952 373 erant,
998 323 1235 362 sustinuere
1280 323 1482 376 venerari,

123 380 320 421 lacrimas
359 381 487 421 etiam
526 381 814 435 paenitentiae
853 380 1012 421 indices
1045 381 1345 435 profuderunt:
1378 382 1481 423 adeo

55 452 93 481 14
123 438 322 480 humanis
361 439 545 495 ingeniis
583 443 730 494 parata
763 441 978 481 simulatio
1013 444 1086 482 est.
1150 440 1300 481 Preces
1332 441 1482 483 deinde
1520 455 1538 481 ε

126 499 379 553 suppliciter
406 498 598 541 admotae
618 498 805 540 Dareum
831 502 984 540 natura
1011 499 1248 554 simplicem
1274 503 1316 542 et
1334 501 1480 542 mitem

124 572 209 598 non
243 558 410 600 credere
444 559 589 612 modo,
631 573 739 613 quae
771 559 1071 613 adfirmabant,
1116 559 1188 600 sed
1221 559 1320 600 flere
1353 560 1481 601 etiam

55 631 94 659 ιε’)
124 620 367 672 coegerunt.
427 617 491 660 Ac
524 632 576 659 ne
609 621 697 659 tum
735 618 905 672 quidem
940 619 1114 674 cogitati
1144 619 1316 661 sceleris
1340 620 1483 673 paeni-

124 676 218 721 tuit,
253 691 347 717 cum
381 678 661 731 intuerentur,
694 679 861 731 qualem
896 681 938 719 et
962 692 1105 733 regern
1132 681 1175 719 et
1200 679 1339 720 virum
1366 679 1482 720 falle-

123 739 229 777 rent.
310 735 387 777 Ille
439 737 610 791 quidem
656 752 828 779 securus
872 738 1070 792 periculi,
1122 738 1236 791 quod
1283 738 1482 789 instabat,
1503 753 1537 778 10

125 794 356 837 Alexandri
371 811 534 850 manus,
555 810 658 850 quas
674 798 784 838 solas
800 797 991 850 timebat,
1011 798 1197 853 effugere
1212 798 1481 853 properabat.

51 860 100 894 XI
213 854 375 897 Patron
406 858 568 910 autem,
607 856 865 898 Graecorum
899 857 1001 910 dux,
1045 858 1256 911 praecipit
1288 858 1393 910 suis,
1434 860 1484 899 ut
1503 857 1558 892 30

124 929 253 968 arina,
287 929 394 969 quae
426 916 471 957 111
503 916 678 957 sarcinis
711 918 836 957 antea
866 916 1130 970 ferebantur,
1174 917 1399 958 induerent
1430 916 1483 958 ad

77 987 95 1016 -2
125 988 249 1015 omne
284 974 510 1029 imperium
544 990 666 1016 suum
700 976 839 1030 parati
871 978 914 1016 et
945 975 1111 1017 intenti.
1182 975 1279 1031 Ipse
1313 990 1479 1017 currum

124 1034 237 1088 regis
282 1034 541 1088 sequebatur
585 1035 798 1076 occasioni
829 1035 1042 1076 inminens
1075 1035 1331 1090 adloquendi
1365 1051 1481 1077 eum:
1504 1048 1542 1074 1⁵

125 1092 282 1147 quippe
333 1093 452 1134 Bessi
508 1094 673 1135 facinus
730 1097 1030 1148 praesenserat.
1102 1093 1184 1136 Sed
1234 1094 1389 1137 Bessus
1440 1095 1482 1136 id

124 1152 263 1205 ipsum
292 1156 498 1203 metuens,
526 1155 669 1195 custos
696 1154 836 1195 verius
865 1168 991 1208 quam
1017 1168 1172 1208 comes,
1199 1169 1223 1195 a
1245 1169 1371 1196 curru
1397 1169 1484 1196 non

76 1226 95 1255 3
123 1211 359 1254 recedebat.
420 1212 507 1254 Diu
541 1227 641 1268 ergo
672 1212 832 1255 Patron
864 1216 1086 1255 cunctatus
1119 1228 1168 1255 ac
1199 1215 1367 1269 saepius
1400 1229 1483 1255 ser-

124 1285 250 1312 mone
303 1275 546 1326 revocatus,
596 1273 707 1314 inter
757 1273 884 1315 fidem
928 1274 1210 1327 timoremque
1253 1274 1483 1329 haesitans,

77 1345 97 1374 4
125 1344 267 1386 regem
303 1331 559 1373 intuebatur.
612 1331 693 1381 Qui
725 1336 774 1373 ut
802 1332 973 1374 tandem
1001 1332 1185 1376 advertit
1211 1334 1369 1387 oculos,
1402 1333 1482 1374 Bu·
1503 1344 1539 1369 2⁰

125 1389 259 1431 bacen
286 1390 516 1445 spadonem
538 1391 649 1432 inter
675 1392 894 1445 proximos
922 1406 1092 1433 currum
1120 1396 1366 1446 sequentem
1392 1407 1484 1448 per-

126 1450 289 1491 contari
322 1450 459 1504 iubet,
503 1451 711 1505 numquid
754 1451 837 1506 ipsi
881 1451 986 1492 velit
1029 1451 1179 1493 dicere.
1240 1451 1400 1494 Patron
1440 1467 1484 1493 se

125 1524 246 1562 vero,
292 1510 365 1551 sed
396 1510 574 1551 remotis
606 1511 779 1552 arbitris
811 1512 930 1565 loqui
964 1512 1069 1552 velle
1103 1525 1197 1553 cum
1231 1526 1280 1553 eo
1313 1526 1485 1566 respon-

125 1568 188 1609 dit
220 1569 447 1623 iussusque
479 1570 657 1624 propius
689 1570 884 1612 accedere
917 1570 1007 1611 sine
1039 1571 1275 1625 interprete
1302 1596 1361 1600 —
1386 1586 1484 1613 nam

77 1642 96 1669 ι’,
126 1628 237 1668 haud
270 1628 387 1669 rudis
416 1627 600 1670 Graecae
631 1630 803 1685 linguae
830 1629 996 1671 Dareus
1026 1633 1115 1670 erat
1149 1646 1220 1671 —:
1255 1630 1390 1684 ‘Rex',
1422 1630 1483 1672 in·
1504 1646 1538 1672 25

126 1687 237 1740 quit,
289 1687 355 1728 ‘ex
409 1699 435 1728 L
487 1688 662 1729 milibus
715 1688 971 1730 Graecorum
1022 1703 1297 1744 supersumus
1347 1691 1485 1744 pauci,

126 1748 264 1788 omnis
297 1747 495 1789 fortunae
527 1751 625 1789 tuae
657 1749 835 1789 comites
868 1751 909 1790 et
941 1748 985 1790 in
1010 1749 1092 1789 hoc
1118 1752 1192 1790 tuo
1220 1751 1333 1790 statu
1359 1749 1483 1798 idem,

125 1805 198 1859 qui
225 1806 402 1848 florente
428 1810 470 1848 te
496 1807 669 1860 fuimus,
702 1821 993 1861 quascumque
1019 1811 1153 1849 terras
1180 1809 1371 1864 elegeris,
1405 1822 1482 1862 pro

77 1879 96 1908 6
125 1865 263 1919 patria
308 1869 348 1907 et
394 1866 636 1908 domesticis
679 1866 806 1907 rebus
839 1867 1028 1921 petituri.
1093 1866 1309 1908 Secundae
1341 1867 1484 1909 adver-

125 1939 279 1979 saeque
312 1940 378 1966 res
406 1929 502 1966 tuae
529 1926 781 1980 copulavere
807 1940 884 1967 nos
912 1929 1066 1967 tecum.
1118 1926 1198 1967 Per
1224 1926 1330 1967 hanc
1358 1926 1482 1968 iidem
1503 1942 1541 1967 30

224 2071 238 2099 1
268 2065 507 2101 Nabarzanes
541 2067 682 2101 Lauer:
718 2065 916 2100 artabazus
943 2069 981 2100 A.
1118 2069 1136 2099 3
1165 2066 1329 2100 venerari
1366 2078 1431 2101 om.
1459 2071 1484 2100 P

127 2126 168 2146 m.
186 2126 243 2158 pr.
330 2118 349 2148 6
377 2114 523 2159 mitem]
550 2114 695 2148 mittem
723 2116 748 2147 B
772 2126 812 2147 m.
829 2125 888 2158 pr.
910 2117 936 2147 L
956 2125 999 2147 m.
1015 2126 1073 2158 pr.
1094 2117 1133 2146 V.
1219 2117 1239 2147 8
1266 2114 1328 2160 ne]
1355 2126 1422 2148 nex
1443 2118 1482 2148 V.

128 2165 168 2195 11
210 2161 451 2207 properabat]
491 2161 671 2206 operabat
705 2164 745 2195 V.
901 2165 941 2195 12
979 2161 1179 2207 praecipit]
1218 2161 1409 2206 praecepit
1446 2165 1483 2196 1..

127 2215 168 2242 1⁴³
197 2209 459 2255 timoremque]
480 2210 729 2253 timorumque
750 2212 789 2242 V.
866 2212 907 2242 ’21
936 2209 1165 2254 percontari]
1193 2209 1426 2253 percunctari
1446 2213 1484 2243 P.

126 2260 167 2289 22
197 2256 266 2300 ipsi
289 2260 321 2290 1:
350 2257 429 2300 ipse
450 2260 488 2290 A.
572 2260 615 2290 24
642 2256 808 2301 propius]
831 2256 1006 2300 propinus
1027 2259 1062 2290 P.
1145 2260 1188 2290 25
1215 2255 1331 2302 haud]
1353 2256 1426 2290 hau
1446 2259 1481 2290 P.

126 2307 168 2337 26
198 2316 239 2338 cx
267 2317 332 2337 «1112.
355 2307 391 2337 B.
511 2317 528 2337 1,
554 2303 706 2338 milibus
733 2307 765 2336 1:
795 2316 836 2336 Liz
858 2307 896 2337 A.
1022 2307 1063 2337 27
1093 2304 1211 2337 omnis
1238 2304 1379 2338 Lauer:
1408 2315 1484 2338 om—

125 2362 187 2384 ncs
210 2355 247 2385 A.
347 2350 462 2397 idem]
491 2351 640 2395 quidem
667 2354 692 2384 P
715 2364 754 2384 m.
772 2363 831 2395 pr.
