<?xml version="1.0" encoding="UTF-8"?>
<!DOCTYPE html PUBLIC "-//W3C//DTD XHTML 1.0 Transitional//EN"
    "http://www.w3.org/TR/xhtml1/DTD/xhtml1-transitional.dtd">
<html xmlns="http://www.w3.org/1999/xhtml" xml:lang="en" lang="en">
 <head>
  <title>
</title>
<meta http-equiv="Content-Type" content="text/html;charset=utf-8" />
  <meta name='ocr-system' content='tesseract 3.04.00' />
  <meta name='ocr-capabilities' content='ocr_page ocr_carea ocr_par ocr_line ocrx_word'/>
</head>
<body>
  <div class='ocr_page' id='page_1' title='image "./historiaealexand00curtuoft_0079.png"; bbox 0 0 1610 2522; ppageno 0'>
   <div class='ocr_carea' id='block_1_1' title="bbox 346 109 1447 155">
    <p class='ocr_par' dir='ltr' id='par_1_1' title="bbox 346 109 1447 155">
     <span class='ocr_line' id='line_1_1' title="bbox 346 109 1447 155; baseline 0.001 -8"><span class='ocrx_word' id='word_1_1' title='bbox 346 112 678 148; x_wconf 68' lang='lat' dir='ltr'>HISToRIARUM</span> <span class='ocrx_word' id='word_1_2' title='bbox 706 110 986 146; x_wconf 66' lang='lat' dir='ltr'>ALEXANDRT</span> <span class='ocrx_word' id='word_1_3' title='bbox 1013 111 1088 155; x_wconf 85' lang='grc' dir='ltr'><strong>ΙΠΙ,</strong></span> <span class='ocrx_word' id='word_1_4' title='bbox 1117 115 1147 145; x_wconf 85' lang='grc'>6.</span> <span class='ocrx_word' id='word_1_5' title='bbox 1170 115 1200 145; x_wconf 84' lang='lat'>7.</span> <span class='ocrx_word' id='word_1_6' title='bbox 1393 109 1447 151; x_wconf 57' lang='lat' dir='ltr'>(js)</span> 
     </span>
    </p>
   </div>
   <div class='ocr_carea' id='block_1_2' title="bbox 27 219 1537 2004">
    <p class='ocr_par' dir='ltr' id='par_1_2' title="bbox 27 219 1537 2004">
     <span class='ocr_line' id='line_1_2' title="bbox 96 219 1449 279; baseline -0.005 -13"><span class='ocrx_word' id='word_1_7' title='bbox 96 239 275 279; x_wconf 88' lang='lat' dir='ltr'>rumque</span> <span class='ocrx_word' id='word_1_8' title='bbox 316 223 506 279; x_wconf 86' lang='lat' dir='ltr'>gentium</span> <span class='ocrx_word' id='word_1_9' title='bbox 556 222 684 264; x_wconf 87' lang='lat' dir='ltr'>militi</span> <span class='ocrx_word' id='word_1_10' title='bbox 723 222 862 263; x_wconf 85' lang='lat' dir='ltr'>minor</span> <span class='ocrx_word' id='word_1_11' title='bbox 901 236 1027 276; x_wconf 88' lang='lat' dir='ltr'>quam</span> <span class='ocrx_word' id='word_1_12' title='bbox 1070 220 1302 261; x_wconf 89' lang='lat' dir='ltr'>domestico</span> <span class='ocrx_word' id='word_1_13' title='bbox 1345 219 1449 260; x_wconf 88' lang='lat' dir='ltr'>fides</span> 
     </span>
     <span class='ocr_line' id='line_1_3' title="bbox 98 284 345 326; baseline -0.013 0"><span class='ocrx_word' id='word_1_14' title='bbox 98 284 345 326; x_wconf 75' lang='lat' dir='ltr'>habebatur.</span> 
     </span>
     <span class='ocr_line' id='line_1_4' title="bbox 27 339 1537 399; baseline -0.003 -17"><span class='ocrx_word' id='word_1_15' title='bbox 27 348 77 383; x_wconf 76' lang='lat'>29</span> <span class='ocrx_word' id='word_1_16' title='bbox 187 342 390 399; x_wconf 87' lang='lat' dir='ltr'>Aegyptii</span> <span class='ocrx_word' id='word_1_17' title='bbox 431 341 531 383; x_wconf 88' lang='lat' dir='ltr'>olim</span> <span class='ocrx_word' id='word_1_18' title='bbox 567 341 788 382; x_wconf 87' lang='lat' dir='ltr'>Persarum</span> <span class='ocrx_word' id='word_1_19' title='bbox 823 340 976 396; x_wconf 89' lang='lat' dir='ltr'>opibus</span> <span class='ocrx_word' id='word_1_20' title='bbox 1015 340 1168 380; x_wconf 86' lang='lat' dir='ltr'>infensi</span> <span class='ocrx_word' id='word_1_21' title='bbox 1202 365 1255 368; x_wconf 67' lang='lat'>-</span> <span class='ocrx_word' id='word_1_22' title='bbox 1291 339 1449 393; x_wconf 83' lang='lat' dir='ltr'>quippe</span> <span class='ocrx_word' id='word_1_23' title='bbox 1471 342 1537 377; x_wconf 85' lang='lat' dir='ltr'>VH</span> 
     </span>
     <span class='ocr_line' id='line_1_5' title="bbox 98 398 1453 456; baseline -0.005 -11.969"><span class='ocrx_word' id='word_1_24' title='bbox 98 418 221 444; x_wconf 54' lang='grc'><strong>1171116</strong></span> <span class='ocrx_word' id='word_1_25' title='bbox 261 405 301 443; x_wconf 92' lang='lat' dir='ltr'>et</span> <span class='ocrx_word' id='word_1_26' title='bbox 340 402 521 456; x_wconf 76' lang='lat' dir='ltr'>superbe</span> <span class='ocrx_word' id='word_1_27' title='bbox 559 401 850 456; x_wconf 88' lang='lat' dir='ltr'>imperitatum</span> <span class='ocrx_word' id='word_1_28' title='bbox 893 401 973 441; x_wconf 89' lang='lat' dir='ltr'>sibi</span> <span class='ocrx_word' id='word_1_29' title='bbox 1013 414 1103 440; x_wconf 89' lang='lat' dir='ltr'>esse</span> <span class='ocrx_word' id='word_1_30' title='bbox 1135 398 1363 440; x_wconf 84' lang='lat' dir='ltr'>ciedebant</span> <span class='ocrx_word' id='word_1_31' title='bbox 1395 423 1453 427; x_wconf 94' lang='lat'>—</span> 
     </span>
     <span class='ocr_line' id='line_1_6' title="bbox 63 457 1451 524; baseline -0.004 -20"><span class='ocrx_word' id='word_1_32' title='bbox 63 479 78 504; x_wconf 85' lang='lat'><strong>5</strong></span> <span class='ocrx_word' id='word_1_33' title='bbox 100 463 151 503; x_wconf 85' lang='lat' dir='ltr'>ad</span> <span class='ocrx_word' id='word_1_34' title='bbox 191 477 306 516; x_wconf 88' lang='lat' dir='ltr'>spem</span> <span class='ocrx_word' id='word_1_35' title='bbox 346 461 551 502; x_wconf 81' lang='lat' dir='ltr'>adventus</span> <span class='ocrx_word' id='word_1_36' title='bbox 590 461 679 502; x_wconf 90' lang='lat' dir='ltr'>eius</span> <span class='ocrx_word' id='word_1_37' title='bbox 718 462 940 501; x_wconf 75' lang='lat' dir='ltr'>erexerant</span> <span class='ocrx_word' id='word_1_38' title='bbox 979 461 1159 512; x_wconf 86' lang='lat' dir='ltr'>animos,</span> <span class='ocrx_word' id='word_1_39' title='bbox 1197 461 1346 524; x_wconf 83' lang='lat' dir='ltr'>utpote</span> <span class='ocrx_word' id='word_1_40' title='bbox 1380 457 1451 523; x_wconf 81' lang='lat' dir='ltr'>qui</span> 
     </span>
     <span class='ocr_line' id='line_1_7' title="bbox 102 517 1452 574; baseline -0.004 -11"><span class='ocrx_word' id='word_1_41' title='bbox 102 522 211 565; x_wconf 70' lang='lat' dir='ltr'>Anu</span> <span class='ocrx_word' id='word_1_42' title='bbox 216 524 332 562; x_wconf 81' lang='lat' dir='ltr'>utam</span> <span class='ocrx_word' id='word_1_43' title='bbox 361 535 530 574; x_wconf 81' lang='lat' dir='ltr'>quoque</span> <span class='ocrx_word' id='word_1_44' title='bbox 556 520 824 574; x_wconf 82' lang='lat' dir='ltr'>transfugam</span> <span class='ocrx_word' id='word_1_45' title='bbox 858 522 898 560; x_wconf 86' lang='lat' dir='ltr'>et</span> <span class='ocrx_word' id='word_1_46' title='bbox 931 533 1027 560; x_wconf 87' lang='grc'><strong>011111</strong></span> <span class='ocrx_word' id='word_1_47' title='bbox 1054 519 1244 572; x_wconf 83' lang='lat' dir='ltr'>precario</span> <span class='ocrx_word' id='word_1_48' title='bbox 1273 517 1452 572; x_wconf 89' lang='lat' dir='ltr'>imperio</span> 
     </span>
     <span class='ocr_line' id='line_1_8' title="bbox 102 568 1500 634; baseline -0.004 -12"><span class='ocrx_word' id='word_1_49' title='bbox 102 568 337 623; x_wconf 68' lang='lat' dir='ltr'>xenientem</span> <span class='ocrx_word' id='word_1_50' title='bbox 378 581 480 621; x_wconf 89' lang='lat' dir='ltr'>laeti</span> <span class='ocrx_word' id='word_1_51' title='bbox 519 579 789 633; x_wconf 88' lang='lat' dir='ltr'>recepissent.</span> <span class='ocrx_word' id='word_1_52' title='bbox 853 578 993 634; x_wconf 87' lang='lat' dir='ltr'>Igitur</span> <span class='ocrx_word' id='word_1_53' title='bbox 1033 579 1183 633; x_wconf 86' lang='lat' dir='ltr'>ingens</span> <span class='ocrx_word' id='word_1_54' title='bbox 1221 576 1453 618; x_wconf 88' lang='lat' dir='ltr'>multitudo</span> <span class='ocrx_word' id='word_1_55' title='bbox 1481 588 1500 617; x_wconf 73' lang='lat'>2</span> 
     </span>
     <span class='ocr_line' id='line_1_9' title="bbox 100 636 1454 694; baseline -0.004 -12"><span class='ocrx_word' id='word_1_56' title='bbox 100 640 332 693; x_wconf 78' lang='lat' dir='ltr'>Pelusium,</span> <span class='ocrx_word' id='word_1_57' title='bbox 360 655 443 694; x_wconf 86' lang='lat' dir='ltr'>qua</span> <span class='ocrx_word' id='word_1_58' title='bbox 463 642 698 680; x_wconf 84' lang='lat' dir='ltr'>intraturus</span> <span class='ocrx_word' id='word_1_59' title='bbox 719 639 954 692; x_wconf 86' lang='lat' dir='ltr'>videbatur,</span> <span class='ocrx_word' id='word_1_60' title='bbox 982 640 1249 680; x_wconf 83' lang='lat' dir='ltr'>convenerat.</span> <span class='ocrx_word' id='word_1_61' title='bbox 1314 636 1454 690; x_wconf 88' lang='lat' dir='ltr'>Atque</span> 
     </span>
     <span class='ocr_line' id='line_1_10' title="bbox 104 697 1454 754; baseline -0.004 -13"><span class='ocrx_word' id='word_1_62' title='bbox 104 700 173 742; x_wconf 84' lang='lat' dir='ltr'>ille</span> <span class='ocrx_word' id='word_1_63' title='bbox 207 700 390 754; x_wconf 83' lang='lat' dir='ltr'>septimo</span> <span class='ocrx_word' id='word_1_64' title='bbox 424 699 502 753; x_wconf 83' lang='lat' dir='ltr'>die,</span> <span class='ocrx_word' id='word_1_65' title='bbox 540 702 767 753; x_wconf 89' lang='lat' dir='ltr'>postquam</span> <span class='ocrx_word' id='word_1_66' title='bbox 800 713 823 738; x_wconf 86' lang='lat' dir='ltr'>a</span> <span class='ocrx_word' id='word_1_67' title='bbox 857 697 967 739; x_wconf 82' lang='lat' dir='ltr'>Gaza</span> <span class='ocrx_word' id='word_1_68' title='bbox 1001 698 1142 751; x_wconf 84' lang='lat' dir='ltr'>copias</span> <span class='ocrx_word' id='word_1_69' title='bbox 1176 699 1379 750; x_wconf 82' lang='lat' dir='ltr'>moverat,</span> <span class='ocrx_word' id='word_1_70' title='bbox 1414 697 1454 737; x_wconf 88' lang='lat' dir='ltr'>in</span> 
     </span>
     <span class='ocr_line' id='line_1_11' title="bbox 50 756 1457 814; baseline -0.004 -13"><span class='ocrx_word' id='word_1_71' title='bbox 50 777 83 802; x_wconf 87' lang='grc' dir='ltr'>ιο</span> <span class='ocrx_word' id='word_1_72' title='bbox 104 761 319 814; x_wconf 82' lang='lat' dir='ltr'>regionem</span> <span class='ocrx_word' id='word_1_73' title='bbox 360 759 567 814; x_wconf 84' lang='lat' dir='ltr'>Aegypti,</span> <span class='ocrx_word' id='word_1_74' title='bbox 610 773 737 812; x_wconf 87' lang='lat' dir='ltr'>quam</span> <span class='ocrx_word' id='word_1_75' title='bbox 776 773 888 799; x_wconf 90' lang='lat' dir='ltr'>nunc</span> <span class='ocrx_word' id='word_1_76' title='bbox 928 756 1076 799; x_wconf 83' lang='lat' dir='ltr'>Castra</span> <span class='ocrx_word' id='word_1_77' title='bbox 1113 757 1348 797; x_wconf 82' lang='lat' dir='ltr'>Alexandri</span> <span class='ocrx_word' id='word_1_78' title='bbox 1387 771 1457 797; x_wconf 85' lang='lat' dir='ltr'>vo-</span> 
     </span>
     <span class='ocr_line' id='line_1_12' title="bbox 105 815 1506 873; baseline -0.003 -13"><span class='ocrx_word' id='word_1_79' title='bbox 105 822 221 873; x_wconf 86' lang='lat' dir='ltr'>cant,</span> <span class='ocrx_word' id='word_1_80' title='bbox 266 820 469 873; x_wconf 73' lang='lat' dir='ltr'>pervenit.</span> <span class='ocrx_word' id='word_1_81' title='bbox 539 817 702 859; x_wconf 82' lang='lat' dir='ltr'>Deinde</span> <span class='ocrx_word' id='word_1_82' title='bbox 747 818 1015 872; x_wconf 73' lang='lat' dir='ltr'>pedestribus</span> <span class='ocrx_word' id='word_1_83' title='bbox 1060 817 1195 870; x_wconf 90' lang='lat' dir='ltr'>copiis</span> <span class='ocrx_word' id='word_1_84' title='bbox 1240 815 1456 857; x_wconf 90' lang='lat' dir='ltr'>Pelusium</span> <span class='ocrx_word' id='word_1_85' title='bbox 1487 826 1506 856; x_wconf 84' lang='lat'><strong>3</strong></span> 
     </span>
     <span class='ocr_line' id='line_1_13' title="bbox 104 874 1458 934; baseline -0.003 -15"><span class='ocrx_word' id='word_1_86' title='bbox 104 882 247 934; x_wconf 85' lang='lat' dir='ltr'>petere</span> <span class='ocrx_word' id='word_1_87' title='bbox 280 879 406 919; x_wconf 86' lang='lat' dir='ltr'>iussis</span> <span class='ocrx_word' id='word_1_88' title='bbox 439 879 529 931; x_wconf 89' lang='lat' dir='ltr'>ipse</span> <span class='ocrx_word' id='word_1_89' title='bbox 565 892 661 919; x_wconf 89' lang='lat' dir='ltr'>cum</span> <span class='ocrx_word' id='word_1_90' title='bbox 690 877 886 931; x_wconf 78' lang='lat' dir='ltr'>expedita</span> <span class='ocrx_word' id='word_1_91' title='bbox 913 877 1175 918; x_wconf 89' lang='lat' dir='ltr'>delectorum</span> <span class='ocrx_word' id='word_1_92' title='bbox 1202 890 1331 916; x_wconf 89' lang='lat' dir='ltr'>manu</span> <span class='ocrx_word' id='word_1_93' title='bbox 1356 874 1458 915; x_wconf 88' lang='lat' dir='ltr'>Nilo</span> 
     </span>
     <span class='ocr_line' id='line_1_14' title="bbox 106 934 1460 980; baseline -0.004 0"><span class='ocrx_word' id='word_1_94' title='bbox 106 953 226 980; x_wconf 84' lang='lat' dir='ltr'>amne</span> <span class='ocrx_word' id='word_1_95' title='bbox 252 941 397 979; x_wconf 77' lang='lat' dir='ltr'>vectus</span> <span class='ocrx_word' id='word_1_96' title='bbox 424 940 498 978; x_wconf 88' lang='lat' dir='ltr'>est.</span> <span class='ocrx_word' id='word_1_97' title='bbox 560 937 651 978; x_wconf 83' lang='lat' dir='ltr'>Nec</span> <span class='ocrx_word' id='word_1_98' title='bbox 678 937 918 978; x_wconf 74' lang='lat' dir='ltr'>sustinuere</span> <span class='ocrx_word' id='word_1_99' title='bbox 939 937 1168 977; x_wconf 82' lang='lat' dir='ltr'>adventum</span> <span class='ocrx_word' id='word_1_100' title='bbox 1196 936 1286 976; x_wconf 90' lang='lat' dir='ltr'>eius</span> <span class='ocrx_word' id='word_1_101' title='bbox 1306 934 1460 975; x_wconf 82' lang='lat' dir='ltr'>Persae</span> 
     </span>
     <span class='ocr_line' id='line_1_15' title="bbox 107 994 1507 1051; baseline -0.004 -12"><span class='ocrx_word' id='word_1_102' title='bbox 107 998 343 1040; x_wconf 77' lang='lat' dir='ltr'>defectione</span> <span class='ocrx_word' id='word_1_103' title='bbox 395 1011 564 1051; x_wconf 89' lang='lat' dir='ltr'>quoque</span> <span class='ocrx_word' id='word_1_104' title='bbox 615 997 843 1051; x_wconf 86' lang='lat' dir='ltr'>perterriti.</span> <span class='ocrx_word' id='word_1_105' title='bbox 924 995 1097 1050; x_wconf 84' lang='lat' dir='ltr'>Iamque</span> <span class='ocrx_word' id='word_1_106' title='bbox 1146 994 1260 1036; x_wconf 88' lang='lat' dir='ltr'>haud</span> <span class='ocrx_word' id='word_1_107' title='bbox 1311 995 1460 1048; x_wconf 87' lang='lat' dir='ltr'>procul</span> <span class='ocrx_word' id='word_1_108' title='bbox 1486 1005 1507 1034; x_wconf 84' lang='lat'>4</span> 
     </span>
     <span class='ocr_line' id='line_1_16' title="bbox 54 1054 1462 1111; baseline -0.004 -13"><span class='ocrx_word' id='word_1_109' title='bbox 54 1074 85 1099; x_wconf 82' lang='lat'>15</span> <span class='ocrx_word' id='word_1_110' title='bbox 108 1057 298 1111; x_wconf 87' lang='lat' dir='ltr'>Memphi</span> <span class='ocrx_word' id='word_1_111' title='bbox 342 1059 446 1097; x_wconf 86' lang='lat' dir='ltr'>erat:</span> <span class='ocrx_word' id='word_1_112' title='bbox 492 1058 535 1097; x_wconf 89' lang='lat' dir='ltr'>in</span> <span class='ocrx_word' id='word_1_113' title='bbox 581 1057 699 1097; x_wconf 85' lang='grc'><strong>0111113</strong></span> <span class='ocrx_word' id='word_1_114' title='bbox 742 1056 1001 1110; x_wconf 82' lang='lat' dir='ltr'>praesidium</span> <span class='ocrx_word' id='word_1_115' title='bbox 1044 1054 1248 1108; x_wconf 78' lang='lat' dir='ltr'>Mazaces,</span> <span class='ocrx_word' id='word_1_116' title='bbox 1291 1057 1462 1108; x_wconf 79' lang='lat' dir='ltr'>praetor</span> 
     </span>
     <span class='ocr_line' id='line_1_17' title="bbox 108 1113 1462 1171; baseline -0.002 -14"><span class='ocrx_word' id='word_1_117' title='bbox 108 1117 246 1171; x_wconf 87' lang='lat' dir='ltr'>Darei,</span> <span class='ocrx_word' id='word_1_118' title='bbox 273 1116 447 1157; x_wconf 89' lang='lat' dir='ltr'>relictus</span> <span class='ocrx_word' id='word_1_119' title='bbox 475 1118 626 1170; x_wconf 89' lang='lat' dir='ltr'>sponte</span> <span class='ocrx_word' id='word_1_120' title='bbox 653 1130 775 1156; x_wconf 88' lang='lat' dir='ltr'>amne</span> <span class='ocrx_word' id='word_1_121' title='bbox 803 1118 1001 1170; x_wconf 86' lang='lat' dir='ltr'>superato</span> <span class='ocrx_word' id='word_1_122' title='bbox 1030 1114 1275 1169; x_wconf 86' lang='lat' dir='ltr'>octingenta</span> <span class='ocrx_word' id='word_1_123' title='bbox 1302 1113 1462 1154; x_wconf 84' lang='lat' dir='ltr'>talenta</span> 
     </span>
     <span class='ocr_line' id='line_1_18' title="bbox 108 1172 1460 1230; baseline -0.003 -13"><span class='ocrx_word' id='word_1_124' title='bbox 108 1176 352 1217; x_wconf 83' lang='lat' dir='ltr'>Alexandro</span> <span class='ocrx_word' id='word_1_125' title='bbox 405 1190 658 1230; x_wconf 88' lang='lat' dir='ltr'>omnemque</span> <span class='ocrx_word' id='word_1_126' title='bbox 710 1176 871 1230; x_wconf 87' lang='lat' dir='ltr'>regiam</span> <span class='ocrx_word' id='word_1_127' title='bbox 918 1174 1228 1229; x_wconf 89' lang='lat' dir='ltr'>supellectilem</span> <span class='ocrx_word' id='word_1_128' title='bbox 1274 1172 1460 1214; x_wconf 84' lang='lat' dir='ltr'>tradidit.</span> 
     </span>
     <span class='ocr_line' id='line_1_19' title="bbox 108 1232 1508 1289; baseline -0.004 -12"><span class='ocrx_word' id='word_1_129' title='bbox 108 1236 146 1277; x_wconf 89' lang='lat' dir='ltr'>A</span> <span class='ocrx_word' id='word_1_130' title='bbox 173 1235 363 1289; x_wconf 86' lang='lat' dir='ltr'>Memphi</span> <span class='ocrx_word' id='word_1_131' title='bbox 398 1235 545 1276; x_wconf 89' lang='lat' dir='ltr'>eodem</span> <span class='ocrx_word' id='word_1_132' title='bbox 572 1235 748 1275; x_wconf 86' lang='lat' dir='ltr'>flumine</span> <span class='ocrx_word' id='word_1_133' title='bbox 780 1237 924 1276; x_wconf 89' lang='lat' dir='ltr'>vectus</span> <span class='ocrx_word' id='word_1_134' title='bbox 958 1234 1010 1274; x_wconf 89' lang='lat' dir='ltr'>ad</span> <span class='ocrx_word' id='word_1_135' title='bbox 1044 1234 1248 1274; x_wconf 88' lang='lat' dir='ltr'>interiora</span> <span class='ocrx_word' id='word_1_136' title='bbox 1274 1232 1461 1287; x_wconf 90' lang='lat' dir='ltr'>Aegypti</span> <span class='ocrx_word' id='word_1_137' title='bbox 1489 1243 1508 1272; x_wconf 82' lang='lat'>5</span> 
     </span>
     <span class='ocr_line' id='line_1_20' title="bbox 110 1292 1462 1350; baseline -0.003 -14"><span class='ocrx_word' id='word_1_138' title='bbox 110 1297 304 1350; x_wconf 84' lang='lat' dir='ltr'>penetrat</span> <span class='ocrx_word' id='word_1_139' title='bbox 346 1295 666 1348; x_wconf 71' lang='lat' dir='ltr'>conpositisque</span> <span class='ocrx_word' id='word_1_140' title='bbox 708 1294 835 1335; x_wconf 87' lang='lat' dir='ltr'>rebus</span> <span class='ocrx_word' id='word_1_141' title='bbox 878 1294 949 1347; x_wconf 88' lang='lat' dir='ltr'>ita,</span> <span class='ocrx_word' id='word_1_142' title='bbox 991 1296 1038 1334; x_wconf 87' lang='lat' dir='ltr'>ut</span> <span class='ocrx_word' id='word_1_143' title='bbox 1078 1292 1189 1334; x_wconf 83' lang='lat' dir='ltr'>nihil</span> <span class='ocrx_word' id='word_1_144' title='bbox 1231 1307 1281 1333; x_wconf 79' lang='lat' dir='ltr'>ex</span> <span class='ocrx_word' id='word_1_145' title='bbox 1323 1292 1462 1346; x_wconf 87' lang='lat' dir='ltr'>patrio</span> 
     </span>
     <span class='ocr_line' id='line_1_21' title="bbox 56 1351 1463 1410; baseline -0.004 -14"><span class='ocrx_word' id='word_1_146' title='bbox 56 1372 90 1396; x_wconf 70' lang='lat'>20</span> <span class='ocrx_word' id='word_1_147' title='bbox 111 1355 423 1410; x_wconf 83' lang='lat' dir='ltr'>Aegyptiorum</span> <span class='ocrx_word' id='word_1_148' title='bbox 468 1369 584 1396; x_wconf 88' lang='lat' dir='ltr'>more</span> <span class='ocrx_word' id='word_1_149' title='bbox 628 1356 832 1407; x_wconf 86' lang='lat' dir='ltr'>mutaret,</span> <span class='ocrx_word' id='word_1_150' title='bbox 884 1354 999 1395; x_wconf 83' lang='lat' dir='ltr'>adire</span> <span class='ocrx_word' id='word_1_151' title='bbox 1050 1351 1164 1393; x_wconf 81' lang='lat' dir='ltr'>Iovis</span> <span class='ocrx_word' id='word_1_152' title='bbox 1210 1351 1463 1392; x_wconf 78' lang='lat' dir='ltr'>Hammonis</span> 
     </span>
     <span class='ocr_line' id='line_1_22' title="bbox 112 1411 1512 1467; baseline -0.004 -11"><span class='ocrx_word' id='word_1_153' title='bbox 112 1416 330 1456; x_wconf 84' lang='lat' dir='ltr'>oraculum</span> <span class='ocrx_word' id='word_1_154' title='bbox 365 1415 524 1455; x_wconf 85' lang='lat' dir='ltr'>statuit.</span> <span class='ocrx_word' id='word_1_155' title='bbox 588 1413 675 1454; x_wconf 89' lang='lat' dir='ltr'>Iter</span> <span class='ocrx_word' id='word_1_156' title='bbox 701 1414 910 1467; x_wconf 78' lang='lat' dir='ltr'>expeditis</span> <span class='ocrx_word' id='word_1_157' title='bbox 938 1427 1108 1467; x_wconf 88' lang='lat' dir='ltr'>quoque</span> <span class='ocrx_word' id='word_1_158' title='bbox 1141 1415 1181 1452; x_wconf 89' lang='lat' dir='ltr'>et</span> <span class='ocrx_word' id='word_1_159' title='bbox 1213 1413 1359 1466; x_wconf 90' lang='lat' dir='ltr'>paucis</span> <span class='ocrx_word' id='word_1_160' title='bbox 1394 1411 1463 1451; x_wconf 72' lang='lat' dir='ltr'>vix</span> <span class='ocrx_word' id='word_1_161' title='bbox 1493 1421 1512 1450; x_wconf 82' lang='grc'>6</span> 
     </span>
     <span class='ocr_line' id='line_1_23' title="bbox 112 1472 1465 1527; baseline -0.002 -13"><span class='ocrx_word' id='word_1_162' title='bbox 112 1474 335 1515; x_wconf 70' lang='lat' dir='ltr'>tolerabile</span> <span class='ocrx_word' id='word_1_163' title='bbox 368 1473 692 1527; x_wconf 88' lang='lat' dir='ltr'>ingrediendum</span> <span class='ocrx_word' id='word_1_164' title='bbox 731 1476 836 1514; x_wconf 86' lang='lat' dir='ltr'>erat:</span> <span class='ocrx_word' id='word_1_165' title='bbox 875 1475 987 1513; x_wconf 85' lang='lat' dir='ltr'>terra</span> <span class='ocrx_word' id='word_1_166' title='bbox 1027 1472 1228 1526; x_wconf 85' lang='lat' dir='ltr'>caeloque</span> <span class='ocrx_word' id='word_1_167' title='bbox 1261 1485 1465 1525; x_wconf 86' lang='lat' dir='ltr'>aquarum</span> 
     </span>
     <span class='ocr_line' id='line_1_24' title="bbox 114 1530 1466 1587; baseline -0.002 -13"><span class='ocrx_word' id='word_1_168' title='bbox 114 1534 291 1587; x_wconf 82' lang='lat' dir='ltr'>peruria</span> <span class='ocrx_word' id='word_1_169' title='bbox 325 1536 400 1583; x_wconf 80' lang='lat' dir='ltr'>est,</span> <span class='ocrx_word' id='word_1_170' title='bbox 442 1532 608 1573; x_wconf 87' lang='lat' dir='ltr'>steriles</span> <span class='ocrx_word' id='word_1_171' title='bbox 639 1532 821 1574; x_wconf 85' lang='lat' dir='ltr'>harenae</span> <span class='ocrx_word' id='word_1_172' title='bbox 861 1532 1011 1574; x_wconf 87' lang='lat' dir='ltr'>iacent.</span> <span class='ocrx_word' id='word_1_173' title='bbox 1075 1530 1189 1580; x_wconf 83' lang='lat' dir='ltr'>Quas</span> <span class='ocrx_word' id='word_1_174' title='bbox 1221 1531 1295 1572; x_wconf 87' lang='lat' dir='ltr'>ubi</span> <span class='ocrx_word' id='word_1_175' title='bbox 1334 1544 1466 1584; x_wconf 86' lang='lat' dir='ltr'>vapor</span> 
     </span>
     <span class='ocr_line' id='line_1_25' title="bbox 116 1590 1467 1646; baseline -0.003 -13"><span class='ocrx_word' id='word_1_176' title='bbox 116 1593 218 1634; x_wconf 85' lang='lat' dir='ltr'>solis</span> <span class='ocrx_word' id='word_1_177' title='bbox 251 1592 458 1646; x_wconf 73' lang='lat' dir='ltr'>accendit,</span> <span class='ocrx_word' id='word_1_178' title='bbox 496 1592 659 1633; x_wconf 78' lang='lat' dir='ltr'>fervido</span> <span class='ocrx_word' id='word_1_179' title='bbox 699 1593 790 1633; x_wconf 91' lang='lat' dir='ltr'>solo</span> <span class='ocrx_word' id='word_1_180' title='bbox 824 1594 1024 1632; x_wconf 77' lang='lat' dir='ltr'>exurente</span> <span class='ocrx_word' id='word_1_181' title='bbox 1056 1591 1237 1645; x_wconf 79' lang='lat' dir='ltr'>vestigia</span> <span class='ocrx_word' id='word_1_182' title='bbox 1270 1590 1467 1632; x_wconf 87' lang='lat' dir='ltr'>intolera-</span> 
     </span>
     <span class='ocr_line' id='line_1_26' title="bbox 60 1650 1513 1705; baseline -0.003 -11"><span class='ocrx_word' id='word_1_183' title='bbox 60 1669 92 1694; x_wconf 79' lang='lat'>25</span> <span class='ocrx_word' id='word_1_184' title='bbox 114 1652 212 1693; x_wconf 87' lang='lat' dir='ltr'>bilis</span> <span class='ocrx_word' id='word_1_185' title='bbox 245 1655 387 1692; x_wconf 88' lang='lat' dir='ltr'>aestus</span> <span class='ocrx_word' id='word_1_186' title='bbox 420 1652 576 1705; x_wconf 75' lang='lat' dir='ltr'>existit,</span> <span class='ocrx_word' id='word_1_187' title='bbox 614 1651 944 1705; x_wconf 84' lang='lat' dir='ltr'>luctandumque</span> <span class='ocrx_word' id='word_1_188' title='bbox 984 1653 1047 1692; x_wconf 88' lang='lat' dir='ltr'>est</span> <span class='ocrx_word' id='word_1_189' title='bbox 1080 1664 1163 1691; x_wconf 87' lang='grc'><strong>11011</strong></span> <span class='ocrx_word' id='word_1_190' title='bbox 1198 1650 1336 1690; x_wconf 82' lang='grc'><strong>30111111</strong></span> <span class='ocrx_word' id='word_1_191' title='bbox 1371 1664 1465 1690; x_wconf 84' lang='grc'><strong>011111</strong></span> <span class='ocrx_word' id='word_1_192' title='bbox 1495 1659 1513 1690; x_wconf 83' lang='grc'>7</span> 
     </span>
     <span class='ocr_line' id='line_1_27' title="bbox 115 1709 1467 1766; baseline -0.003 -14"><span class='ocrx_word' id='word_1_193' title='bbox 115 1712 263 1752; x_wconf 77' lang='lat' dir='ltr'>ardore</span> <span class='ocrx_word' id='word_1_194' title='bbox 297 1714 337 1751; x_wconf 87' lang='lat' dir='ltr'>et</span> <span class='ocrx_word' id='word_1_195' title='bbox 364 1711 551 1751; x_wconf 79' lang='lat' dir='ltr'>siccitate</span> <span class='ocrx_word' id='word_1_196' title='bbox 584 1711 784 1766; x_wconf 72' lang='lat' dir='ltr'>regionis,</span> <span class='ocrx_word' id='word_1_197' title='bbox 818 1711 889 1751; x_wconf 90' lang='lat' dir='ltr'>sed</span> <span class='ocrx_word' id='word_1_198' title='bbox 917 1710 1044 1752; x_wconf 88' lang='lat' dir='ltr'>etiam</span> <span class='ocrx_word' id='word_1_199' title='bbox 1074 1725 1168 1751; x_wconf 89' lang='lat' dir='ltr'>cum</span> <span class='ocrx_word' id='word_1_200' title='bbox 1195 1709 1467 1751; x_wconf 87' lang='lat' dir='ltr'>tenacissimo</span> 
     </span>
     <span class='ocr_line' id='line_1_28' title="bbox 116 1767 1470 1825; baseline -0.001 -14"><span class='ocrx_word' id='word_1_201' title='bbox 116 1771 276 1824; x_wconf 84' lang='lat' dir='ltr'>sabulo,</span> <span class='ocrx_word' id='word_1_202' title='bbox 311 1770 423 1824; x_wconf 84' lang='grc'><strong>1111011</strong></span> <span class='ocrx_word' id='word_1_203' title='bbox 456 1771 693 1824; x_wconf 88' lang='lat' dir='ltr'>praealtum</span> <span class='ocrx_word' id='word_1_204' title='bbox 728 1773 769 1811; x_wconf 92' lang='lat' dir='ltr'>et</span> <span class='ocrx_word' id='word_1_205' title='bbox 800 1770 982 1825; x_wconf 82' lang='lat' dir='ltr'>vestigio</span> <span class='ocrx_word' id='word_1_206' title='bbox 1010 1769 1160 1810; x_wconf 88' lang='lat' dir='ltr'>cedens</span> <span class='ocrx_word' id='word_1_207' title='bbox 1194 1783 1317 1824; x_wconf 82' lang='lat' dir='ltr'>aegre</span> <span class='ocrx_word' id='word_1_208' title='bbox 1349 1767 1470 1810; x_wconf 88' lang='lat' dir='ltr'>moli-</span> 
     </span>
     <span class='ocr_line' id='line_1_29' title="bbox 117 1827 1515 1885; baseline -0.002 -14"><span class='ocrx_word' id='word_1_209' title='bbox 117 1833 248 1871; x_wconf 88' lang='lat' dir='ltr'>untur</span> <span class='ocrx_word' id='word_1_210' title='bbox 286 1829 423 1884; x_wconf 89' lang='lat' dir='ltr'>pedes.</span> <span class='ocrx_word' id='word_1_211' title='bbox 494 1829 609 1870; x_wconf 86' lang='lat' dir='ltr'>Haec</span> <span class='ocrx_word' id='word_1_212' title='bbox 645 1829 849 1885; x_wconf 80' lang='lat' dir='ltr'>Aegyptii</span> <span class='ocrx_word' id='word_1_213' title='bbox 893 1844 992 1870; x_wconf 85' lang='lat' dir='ltr'>vero</span> <span class='ocrx_word' id='word_1_214' title='bbox 1037 1829 1198 1870; x_wconf 87' lang='lat' dir='ltr'>maiora</span> <span class='ocrx_word' id='word_1_215' title='bbox 1236 1827 1468 1869; x_wconf 88' lang='lat' dir='ltr'>iactabant:</span> <span class='ocrx_word' id='word_1_216' title='bbox 1496 1838 1515 1867; x_wconf 76' lang='lat' dir='ltr'>S</span> 
     </span>
     <span class='ocr_line' id='line_1_30' title="bbox 119 1886 1471 1945; baseline -0.001 -14"><span class='ocrx_word' id='word_1_217' title='bbox 119 1890 192 1931; x_wconf 90' lang='lat' dir='ltr'>sed</span> <span class='ocrx_word' id='word_1_218' title='bbox 224 1889 374 1945; x_wconf 88' lang='lat' dir='ltr'>ingens</span> <span class='ocrx_word' id='word_1_219' title='bbox 409 1889 562 1943; x_wconf 87' lang='lat' dir='ltr'>cupido</span> <span class='ocrx_word' id='word_1_220' title='bbox 596 1889 783 1930; x_wconf 83' lang='lat' dir='ltr'>animuin</span> <span class='ocrx_word' id='word_1_221' title='bbox 818 1888 1067 1930; x_wconf 85' lang='lat' dir='ltr'>stimulabat</span> <span class='ocrx_word' id='word_1_222' title='bbox 1100 1887 1281 1929; x_wconf 87' lang='lat' dir='ltr'>adeundi</span> <span class='ocrx_word' id='word_1_223' title='bbox 1313 1886 1471 1941; x_wconf 82' lang='lat' dir='ltr'>Iovem,</span> 
     </span>
     <span class='ocr_line' id='line_1_31' title="bbox 65 1947 1470 2004; baseline -0.002 -13"><span class='ocrx_word' id='word_1_224' title='bbox 65 1966 98 1991; x_wconf 82' lang='lat'>30</span> <span class='ocrx_word' id='word_1_225' title='bbox 121 1964 246 2003; x_wconf 86' lang='lat' dir='ltr'>quem</span> <span class='ocrx_word' id='word_1_226' title='bbox 292 1949 459 2004; x_wconf 85' lang='lat' dir='ltr'>generis</span> <span class='ocrx_word' id='word_1_227' title='bbox 505 1949 569 1989; x_wconf 89' lang='grc'><strong>3111</strong></span> <span class='ocrx_word' id='word_1_228' title='bbox 614 1951 829 1990; x_wconf 83' lang='lat' dir='ltr'>auctorem</span> <span class='ocrx_word' id='word_1_229' title='bbox 874 1948 988 1989; x_wconf 85' lang='lat' dir='ltr'>haud</span> <span class='ocrx_word' id='word_1_230' title='bbox 1032 1950 1257 1989; x_wconf 89' lang='lat' dir='ltr'>contentus</span> <span class='ocrx_word' id='word_1_231' title='bbox 1300 1947 1470 1988; x_wconf 87' lang='lat' dir='ltr'>mortali</span> 
     </span>
    </p>
   </div>
   <div class='ocr_carea' id='block_1_3' title="bbox 118 2087 1473 2325">
    <p class='ocr_par' dir='ltr' id='par_1_3' title="bbox 118 2087 1473 2325">
     <span class='ocr_line' id='line_1_32' title="bbox 215 2087 1470 2134; baseline -0.002 -12"><span class='ocrx_word' id='word_1_232' title='bbox 215 2094 230 2122; x_wconf 87' lang='lat'>1</span> <span class='ocrx_word' id='word_1_233' title='bbox 259 2089 395 2134; x_wconf 84' lang='lat' dir='ltr'>minor]</span> <span class='ocrx_word' id='word_1_234' title='bbox 428 2089 563 2122; x_wconf 86' lang='lat' dir='ltr'>minior</span> <span class='ocrx_word' id='word_1_235' title='bbox 596 2093 622 2122; x_wconf 89' lang='lat' dir='ltr'><strong>F</strong></span> <span class='ocrx_word' id='word_1_236' title='bbox 657 2101 698 2124; x_wconf 84' lang='lat' dir='ltr'>m.</span> <span class='ocrx_word' id='word_1_237' title='bbox 721 2102 779 2133; x_wconf 64' lang='lat' dir='ltr'>pr.</span> <span class='ocrx_word' id='word_1_238' title='bbox 927 2093 946 2122; x_wconf 85' lang='lat'>6</span> <span class='ocrx_word' id='word_1_239' title='bbox 974 2088 1191 2134; x_wconf 79' lang='lat' dir='ltr'>Amyntam]</span> <span class='ocrx_word' id='word_1_240' title='bbox 1228 2087 1408 2122; x_wconf 81' lang='lat' dir='ltr'>amintam</span> <span class='ocrx_word' id='word_1_241' title='bbox 1435 2091 1470 2120; x_wconf 89' lang='lat' dir='ltr'>P.</span> 
     </span>
     <span class='ocr_line' id='line_1_33' title="bbox 122 2135 1471 2182; baseline -0.001 -12"><span class='ocrx_word' id='word_1_242' title='bbox 122 2141 162 2170; x_wconf 76' lang='lat'>12</span> <span class='ocrx_word' id='word_1_243' title='bbox 191 2136 434 2182; x_wconf 81' lang='lat' dir='ltr'>delectorum]</span> <span class='ocrx_word' id='word_1_244' title='bbox 463 2136 683 2170; x_wconf 86' lang='lat' dir='ltr'>dilectorum</span> <span class='ocrx_word' id='word_1_245' title='bbox 710 2141 735 2170; x_wconf 92' lang='lat' dir='ltr'>P</span> <span class='ocrx_word' id='word_1_246' title='bbox 761 2149 805 2171; x_wconf 83' lang='lat' dir='ltr'>m.</span> <span class='ocrx_word' id='word_1_247' title='bbox 821 2148 879 2180; x_wconf 74' lang='lat' dir='ltr'>pr.</span> <span class='ocrx_word' id='word_1_248' title='bbox 1001 2140 1044 2170; x_wconf 83' lang='lat'>15</span> <span class='ocrx_word' id='word_1_249' title='bbox 1070 2135 1299 2181; x_wconf 83' lang='lat' dir='ltr'>praesidium</span> <span class='ocrx_word' id='word_1_250' title='bbox 1324 2136 1471 2179; x_wconf 74' lang='lat' dir='ltr'>scripsi:</span> 
     </span>
     <span class='ocr_line' id='line_1_34' title="bbox 119 2184 1471 2227; baseline -0.001 -10"><span class='ocrx_word' id='word_1_251' title='bbox 119 2184 305 2227; x_wconf 83' lang='lat' dir='ltr'>praesidio</span> <span class='ocrx_word' id='word_1_252' title='bbox 333 2187 371 2217; x_wconf 84' lang='lat' dir='ltr'>A.</span> <span class='ocrx_word' id='word_1_253' title='bbox 512 2184 679 2218; x_wconf 74' lang='lat' dir='ltr'>Mazaces</span> <span class='ocrx_word' id='word_1_254' title='bbox 707 2185 893 2219; x_wconf 70' lang='lat' dir='ltr'>Raclerus:</span> <span class='ocrx_word' id='word_1_255' title='bbox 931 2185 1056 2218; x_wconf 80' lang='lat' dir='ltr'>astace</span> <span class='ocrx_word' id='word_1_256' title='bbox 1089 2187 1128 2217; x_wconf 88' lang='lat' dir='ltr'>A.</span> <span class='ocrx_word' id='word_1_257' title='bbox 1271 2187 1313 2216; x_wconf 86' lang='grc'>16</span> <span class='ocrx_word' id='word_1_258' title='bbox 1341 2185 1471 2227; x_wconf 86' lang='lat' dir='ltr'>sponte</span> 
     </span>
     <span class='ocr_line' id='line_1_35' title="bbox 118 2229 1473 2277; baseline -0.001 -12"><span class='ocrx_word' id='word_1_259' title='bbox 118 2233 264 2275; x_wconf 74' lang='lat' dir='ltr'>scripsi:</span> <span class='ocrx_word' id='word_1_260' title='bbox 293 2242 382 2265; x_wconf 79' lang='lat' dir='ltr'>olon</span> <span class='ocrx_word' id='word_1_261' title='bbox 408 2234 446 2264; x_wconf 95' lang='lat' dir='ltr'>A.</span> <span class='ocrx_word' id='word_1_262' title='bbox 540 2232 771 2277; x_wconf 83' lang='lat' dir='ltr'>octingenta]</span> <span class='ocrx_word' id='word_1_263' title='bbox 798 2231 988 2276; x_wconf 82' lang='lat' dir='ltr'>octoginta</span> <span class='ocrx_word' id='word_1_264' title='bbox 1014 2235 1039 2264; x_wconf 90' lang='lat' dir='ltr'>L</span> <span class='ocrx_word' id='word_1_265' title='bbox 1066 2242 1109 2265; x_wconf 82' lang='lat' dir='ltr'>m.</span> <span class='ocrx_word' id='word_1_266' title='bbox 1126 2243 1185 2275; x_wconf 73' lang='lat' dir='ltr'>pr.</span> <span class='ocrx_word' id='word_1_267' title='bbox 1281 2234 1322 2264; x_wconf 80' lang='lat'>17</span> <span class='ocrx_word' id='word_1_268' title='bbox 1351 2229 1473 2274; x_wconf 87' lang='lat' dir='ltr'>supel-</span> 
     </span>
     <span class='ocr_line' id='line_1_36' title="bbox 121 2278 1473 2325; baseline -0.001 -14"><span class='ocrx_word' id='word_1_269' title='bbox 121 2279 297 2324; x_wconf 83' lang='lat' dir='ltr'>lectilem]</span> <span class='ocrx_word' id='word_1_270' title='bbox 326 2279 621 2323; x_wconf 84' lang='lat' dir='ltr'>suppellectilem</span> <span class='ocrx_word' id='word_1_271' title='bbox 649 2284 670 2313; x_wconf 86' lang='lat' dir='ltr'>C</span> <span class='ocrx_word' id='word_1_272' title='bbox 698 2279 974 2325; x_wconf 87' lang='lat' dir='ltr'>[supplectilem</span> <span class='ocrx_word' id='word_1_273' title='bbox 1001 2279 1054 2324; x_wconf 84' lang='lat' dir='ltr'>F].</span> <span class='ocrx_word' id='word_1_274' title='bbox 1167 2282 1210 2312; x_wconf 77' lang='lat'>20</span> <span class='ocrx_word' id='word_1_275' title='bbox 1237 2278 1473 2322; x_wconf 76' lang='lat' dir='ltr'>Hammonis]</span> 
     </span>
    </p>
   </div>
   <div class='ocr_carea' id='block_1_4' title="bbox 121 2326 1473 2408">
    <p class='ocr_par' dir='ltr' id='par_1_4' title="bbox 121 2326 1473 2408">
     <span class='ocr_line' id='line_1_37' title="bbox 121 2326 1473 2371; baseline -0.001 -12"><span class='ocrx_word' id='word_1_276' title='bbox 121 2326 317 2359; x_wconf 82' lang='lat' dir='ltr'>hamnonis</span> <span class='ocrx_word' id='word_1_277' title='bbox 343 2330 368 2359; x_wconf 89' lang='lat' dir='ltr'>P</span> <span class='ocrx_word' id='word_1_278' title='bbox 393 2338 437 2361; x_wconf 82' lang='lat' dir='ltr'>m.</span> <span class='ocrx_word' id='word_1_279' title='bbox 454 2338 532 2370; x_wconf 55' lang='lat' dir='ltr'>pr„</span> <span class='ocrx_word' id='word_1_280' title='bbox 559 2327 739 2361; x_wconf 87' lang='lat' dir='ltr'>ammonis</span> <span class='ocrx_word' id='word_1_281' title='bbox 766 2330 792 2360; x_wconf 87' lang='lat' dir='ltr'>B</span> <span class='ocrx_word' id='word_1_282' title='bbox 819 2338 862 2361; x_wconf 84' lang='lat' dir='ltr'>m</span> <span class='ocrx_word' id='word_1_283' title='bbox 879 2338 936 2371; x_wconf 73' lang='lat' dir='ltr'>pr</span> <span class='ocrx_word' id='word_1_284' title='bbox 1062 2330 1105 2358; x_wconf 75' lang='lat'>24</span> <span class='ocrx_word' id='word_1_285' title='bbox 1133 2327 1308 2359; x_wconf 79' lang='lat' dir='ltr'>exurente</span> <span class='ocrx_word' id='word_1_286' title='bbox 1342 2326 1473 2359; x_wconf 58' lang='lat' dir='ltr'>Vinde-</span> 
     </span>
     <span class='ocr_line' id='line_1_38' title="bbox 122 2375 521 2408; baseline 0 -1"><span class='ocrx_word' id='word_1_287' title='bbox 122 2375 236 2408; x_wconf 73' lang='lat' dir='ltr'>lmus:</span> <span class='ocrx_word' id='word_1_288' title='bbox 264 2376 301 2407; x_wconf 86' lang='lat' dir='ltr'>et</span> <span class='ocrx_word' id='word_1_289' title='bbox 326 2377 456 2407; x_wconf 83' lang='lat' dir='ltr'>uiente</span> <span class='ocrx_word' id='word_1_290' title='bbox 482 2378 521 2408; x_wconf 88' lang='lat' dir='ltr'>A.</span> 
     </span>
    </p>
   </div>
   <div class='ocr_carea' id='block_1_5' title="bbox 194 2436 1257 2465">
    <p class='ocr_par' dir='ltr' id='par_1_5' title="bbox 194 2436 1257 2465">
     <span class='ocr_line' id='line_1_39' title="bbox 194 2436 1257 2465; baseline 0 -1"><span class='ocrx_word' id='word_1_291' title='bbox 194 2441 330 2465; x_wconf 66' lang='lat' dir='ltr'>cvm-ms</span> <span class='ocrx_word' id='word_1_292' title='bbox 352 2440 458 2465; x_wconf 62' lang='lat' dir='ltr'>Rreus</span> <span class='ocrx_word' id='word_1_293' title='bbox 480 2440 523 2464; x_wconf 81' lang='lat' dir='ltr'>ed.</span> <span class='ocrx_word' id='word_1_294' title='bbox 546 2440 724 2464; x_wconf 65' lang='lat' dir='ltr'>Hedicke⁴</span> <span class='ocrx_word' id='word_1_295' title='bbox 764 2440 818 2464; x_wconf 87' lang='lat' dir='ltr'>Ed.</span> <span class='ocrx_word' id='word_1_296' title='bbox 840 2440 942 2464; x_wconf 82' lang='lat' dir='ltr'>maior.</span> <span class='ocrx_word' id='word_1_297' title='bbox 1239 2436 1257 2465; x_wconf 79' lang='lat'>5</span> 
     </span>
    </p>
   </div>
  </div>
 </body>
</html>
