1610 2522
71 292 112 323 12

73 532 113 561 13

73 710 114 739 14

76 1008 117 1036 ];”)

78 1305 119 1334 16

152 111 238 153 200
660 114 698 151 Q.
727 108 869 145 CURTI
896 109 1006 143 RUFI

141 225 208 263 tos
254 221 356 274 sibi,
396 233 473 261 nec
518 219 743 261 dubitabat
778 218 906 260 huius
949 233 1118 272 quoque
1156 218 1297 260 ultimi
1333 218 1500 260 consilii

141 281 271 322 fuisse
324 280 562 334 participes.
639 278 777 334 Igitur
820 279 1005 331 qum-itur
1046 278 1147 319 olim
1187 277 1267 319 sibi
1307 292 1398 319 esse
1431 292 1497 319 su-

142 343 308 394 spectos
352 338 498 380 matris
538 353 637 379 suae
681 338 858 389 litteris,
901 337 1056 391 quibus
1099 340 1209 378 esset
1242 337 1496 389 admonitus,

140 403 188 440 ut
221 399 272 439 ab
314 399 380 439 his
413 398 593 440 salutem
627 412 744 439 suam
778 400 984 438 tueretur:
1019 400 1205 438 ceterum
1241 411 1283 438 se
1317 396 1498 438 invitum

141 459 352 499 deteriora
403 458 643 499 credentem
687 470 800 498 nunc
837 456 1075 498 manifestis
1126 456 1294 497 indiciis
1339 456 1499 497 victum
1540 474 1555 499 5

144 519 316 559 iussisse
348 517 511 558 vinciri.
572 516 683 558 Nam
716 516 865 571 pridie,
898 530 1025 570 quam
1060 515 1327 571 detegeretur
1358 515 1501 556 Philo-

143 581 209 619 tae
243 578 392 631 scelus,
426 576 528 631 quin
555 577 599 618 in
632 578 796 618 secreto
824 589 918 617 cum
953 590 1002 616 eo
1035 575 1228 628 fuissent,
1260 589 1346 616 non
1378 589 1501 630 posse

142 637 340 678 dubitari.
403 636 594 677 Fratrem
631 650 746 688 vero,
789 635 861 689 qui
895 634 1154 690 profugerit,
1193 648 1287 676 cum
1323 634 1372 676 de
1404 633 1502 676 Phi-

142 698 229 738 lota
258 698 542 751 quaereretur,
575 695 791 750 aperuisse
823 694 950 750 fugae
977 708 1158 735 causam.
1203 693 1354 747 Nuper
1384 708 1500 748 prae-

142 759 207 798 ter
239 755 591 798 consuetudinem
625 754 754 796 officii
789 755 929 809 specie
962 754 1116 795 amotis
1148 753 1320 809 longius
1353 754 1502 795 ceteris

142 815 382 858 admovisse
414 815 666 869 semetipsos
698 814 821 855 lateri
856 827 933 855 suo
966 813 1084 854 nulla
1116 812 1329 866 probabili
1364 827 1502 863 causa,

144 890 272 929 seque
311 875 558 928 mirantem,
601 874 714 928 quod
753 887 838 914 non
871 872 961 914 vice
1001 887 1076 913 sua
1109 872 1185 913 tali
1224 872 1506 927 fungerentur

145 935 301 988 officio,
337 937 378 977 et
409 935 502 988 ipsa
529 933 815 1000 trepidatione
848 947 994 974 eorum
1029 932 1301 986 perterritum
1335 934 1505 973 strenue

146 994 198 1036 ad
231 994 477 1050 armigeros,
512 993 584 1047 qui
617 992 810 1047 proxime
831 992 1128 1046 sequebantur,
1160 992 1393 1033 recessisse.
1439 990 1506 1032 Ad

145 1054 251 1096 haec
284 1054 493 1106 accedere
526 1053 652 1107 quod,
686 1067 782 1094 cum
809 1050 1090 1106 Antiphanes,
1128 1050 1266 1092 scriba
1303 1050 1507 1105 equitum,
1547 1067 1561 1092 5

145 1113 359 1168 Amyntae
387 1113 691 1162 denuntiasset,
721 1110 857 1166 pridie
889 1125 1016 1166 quam
1043 1109 1240 1152 Philotae
1272 1111 1409 1152 scelus
1441 1109 1508 1151 de-

146 1173 405 1228 prehensum
445 1174 572 1222 esset,
617 1174 665 1213 ut
704 1186 755 1212 ex
796 1171 884 1211 suis
927 1170 1046 1225 equis
1078 1184 1196 1210 more
1229 1169 1357 1211 solito
1391 1169 1507 1211 daret

148 1233 217 1286 iis,
264 1233 338 1287 qui
377 1231 620 1273 amisissent
660 1244 810 1285 equos,
851 1230 1033 1285 superbe
1062 1230 1380 1296 respondisset,
1427 1229 1507 1270 nisi

149 1293 320 1346 incepto
348 1291 580 1345 desisteret,
606 1290 725 1331 brevi
753 1291 972 1343 sciturum,
999 1290 1094 1343 quis
1120 1289 1210 1343 ipse
1236 1291 1355 1329 esset.
1417 1287 1506 1330 Iam

147 1351 320 1407 linguae
353 1351 599 1393 violentiam
632 1349 1002 1402 temeritatemque
1035 1348 1283 1401 verborum,
1324 1363 1431 1402 quae
1463 1348 1506 1388 in
1529 1363 1543 1388 ε»

148 1412 421 1477 semetipsum
455 1410 752 1462 iacularentur,
784 1408 894 1450 nihil
927 1407 1042 1449 aliud
1069 1422 1160 1449 esse
1187 1422 1312 1461 quam
1341 1406 1507 1449 scelesti

148 1471 278 1512 animi
321 1470 505 1511 indicem
545 1484 593 1511 ac
625 1471 788 1510 testem.
853 1467 968 1534 Quae
1002 1468 1037 1508 si
1069 1482 1168 1508 vera
1201 1470 1351 1511 essent
1397 1467 1506 1508 idem

147 1530 351 1571 meruisse
391 1544 480 1584 eos,
520 1528 633 1583 quod
671 1528 892 1581 Philotan,
925 1529 959 1568 si
993 1527 1118 1581 falsa,
1157 1527 1323 1582 exigere
1356 1527 1509 1580 ipsum,

150 1593 198 1630 ut
239 1589 446 1630 refellant.
519 1588 758 1629 Productus
799 1587 948 1628 deinde
990 1586 1254 1640 Antiphanes
1300 1585 1349 1627 de
1388 1585 1508 1638 equis

247 1758 262 1787 1
292 1764 359 1787 nec
386 1757 419 1787 1:
453 1765 499 1787 ne
526 1756 564 1786 A.
713 1756 732 1784 '2
760 1752 879 1796 Igitur
905 1763 1009 1795 quer
1020 1752 1117 1785 Μω-
1142 1751 1289 1794 *cri-mi:
1324 1749 1441 1795 igitur
1466 1753 1506 1783 A.

149 1806 169 1835 4
196 1801 270 1846 his]
297 1801 329 1835 is
355 1804 390 1834 L.
516 1805 535 1834 15
567 1800 749 1845 Philotae]
782 1799 961 1844 phylotae
988 1801 1058 1832 BL.
1184 1802 1201 1831 7
1228 1798 1265 1831 in
1296 1799 1437 1832 secreto
1463 1801 1505 1830 P:

150 1852 291 1883 secreto
318 1853 350 1882 c.
427 1851 447 1882 8
475 1847 640 1882 dubitari
667 1851 699 1881 1:
729 1846 902 1881 dubitare
925 1850 964 1880 A.
1038 1845 1262 1891 profugerit]
1289 1844 1506 1890 profugerat

148 1900 173 1929 1.
202 1909 244 1930 m.
261 1908 319 1941 pr.
341 1900 367 1929 P
391 1908 436 1930 m.
460 1908 516 1939 221-
641 1894 790 1929 Philota
816 1898 852 1928 1:
885 1893 1054 1938 philotae
1080 1897 1155 1933 FP
1192 1892 1370 1937 phylotae
1396 1895 1504 1925 BLV.

150 1947 192 1978 10
215 1943 352 1989 specie]
376 1943 519 1988 spetiae
539 1947 574 1976 P.
646 1946 688 1976 152
709 1941 967 1986 fungerentur]
989 1941 1207 1985 fugerentur
1219 1943 1312 1974 BLP
1331 1951 1375 1974 m.
1395 1951 1449 1983 pr.
1465 1943 1504 1973 V.

152 1995 193 2025 13
221 1994 258 2025 et
284 1992 367 2035 ipsa
392 1995 434 2024 P:
470 2002 513 2024 ex
546 1990 628 2034 ipsa
655 1994 687 2023 c.
811 1989 1078 2033 trepidatione]
1111 1987 1367 2032 trepidacione
1393 1990 1432 2020 V.

150 2039 404 2084 perterritum]
437 2038 645 2083 perterritis
672 2041 707 2070 P.
832 2041 874 2071 15
903 2037 1136 2081 Antiphanes
1163 2036 1298 2070 Aldus:
1333 2034 1504 2079 antipha-

148 2089 255 2120 tanes
282 2090 318 2128 P,
346 2086 608 2130 antiphatenes
631 2089 662 2118 c.
750 2089 791 2118 16
819 2086 1004 2127 Amyntae
1030 2087 1063 2117 1:
1091 2084 1231 2117 aminte
1251 2086 1290 2116 A.
1366 2082 1505 2116 denun-

148 2134 295 2180 tiasset]
322 2133 585 2168 denunciasset
610 2132 653 2174 V,
682 2132 938 2176 denuptiasset
963 2135 998 2165 P.
1114 2130 1300 2175 Philotae]
1327 2129 1507 2174 phylotas·

150 2184 219 2215 BL.
342 2181 614 2225 deprehensum
640 2184 673 2213 1:
702 2179 977 2223 depraehensus
1003 2182 1042 2213 A.
1166 2181 1207 2212 17
1236 2177 1340 2211 daret
1369 2177 1505 2212 Aldus:

150 2230 283 2262 darent
303 2232 341 2262 A.
419 2232 461 2263 18
488 2229 534 2262 iis
556 2232 588 2261 Ῑ·
616 2227 723 2261 hisA
728 2257 732 2261 .
809 2226 1035 2266 amisissent]
1064 2226 1247 2259 amisisset
1268 2228 1294 2258 P
1314 2237 1357 2258 m.
1378 2236 1432 2268 pr.

149 2276 401 2321 respondisset
418 2276 645 2311 Letelleftzus
667 2274 879 2318 respondiss
864 2277 953 2308 seA.
1032 2277 1072 2307 19
1094 2272 1259 2318 incepto]
1280 2272 1453 2316 incoepto
1467 2276 1504 2305 F.

151 2327 194 2357 *23
222 2323 412 2369 Philotan]
446 2323 627 2368 phylotan
661 2325 696 2355 Β.
821 2326 864 2355 24
893 2320 1126 2366 Antiphanes
1160 2320 1296 2355 ildus:
1333 2319 1506 2363 antipha-

150 2371 249 2405 tanis
276 2375 312 2414 P,
340 2370 619 2415 antiphataenis
646 2373 724 2412 LV,
753 2368 1007 2414 antiphatenis
1033 2371 1123 2402 Bm
1143 2380 1198 2412 pr.
1221 2372 1256 2401 F.

1525 771 1559 796 10
