1610 2522
360 103 690 138 HISTORIARFM
718 101 999 136 ALEXANDRI
1026 101 1086 142 Vl,
1115 105 1145 134 4.
1169 105 1199 134 5
1374 99 1456 140 165

102 218 268 269 gerant,
314 213 485 254 dedens:
531 212 686 266 quibus
730 211 911 265 benigne
946 210 1134 264 exceptis
1168 209 1218 250 ad
1253 208 1456 263 oppidum

102 274 238 314 Arvas
271 272 475 327 pervenit.
527 271 610 312 Hic
637 271 673 311 ei
695 270 895 312 Craterus
923 273 964 310 et
983 269 1188 324 Erigyius
1216 271 1458 310 occurrunt.

102 333 367 373 Praefectum
388 331 654 385 Tapurorum
689 330 841 385 gentis,
872 328 1143 383 Phradatem,
1175 328 1458 369 adduxerant:
1485 337 1530 367 24

102 392 172 433 hic
205 406 373 446 quoque
406 391 449 431 in
482 390 607 431 fidem
641 392 837 443 receptus
869 388 1016 430 multis
1050 387 1245 442 exemplo
1278 387 1362 428 fuit
1392 401 1459 427 ex-

67 470 81 493 5
103 451 291 506 periendi
327 450 596 492 clementiam
629 450 753 503 regis.
808 448 1017 502 Satrapen
1049 447 1198 488 deinde
1219 446 1460 501 Hyrcaniae
1486 455 1530 485 '25

34 691 83 726 14

52 764 84 789 10

52 1060 85 1084 15

54 1654 87 1679 25

39 1700 85 1736 15

105 511 219 552 dedit
251 509 569 563 Amminaspin:
604 508 702 549 exul
734 508 804 549 hic
835 509 1040 563 regnante
1068 506 1185 548 Ocho
1219 507 1271 547 ad
1297 505 1460 560 Philip-

104 585 204 624 pum
244 572 503 624 pervenerat.
560 568 825 622 Tapurorum
861 581 1030 620 quoque
1063 570 1232 621 gentem
1254 565 1460 606 Phradati

103 629 297 671 reddidit.

192 688 367 742 Iamque
400 687 551 728 ultima
585 687 823 741 Hyrcaniae
863 687 1113 737 intraverat,
1155 700 1250 727 cum
1286 684 1513 725 Artaba-V

104 763 189 801 zus,
222 762 347 802 quem
374 746 514 788 Dareo
541 747 795 787 fidissimum
820 746 952 786 fuisse
979 760 1106 799 supra
1134 744 1331 797 diximus,
1364 757 1459 784 cum

105 807 357 862 propinquis
383 806 512 847 Darei
544 820 592 847 ac
625 806 711 846 suis
743 805 891 846 liberis
923 804 1174 858 modicaque
1201 803 1460 844 Graecorum

103 866 289 908 militum
325 881 452 907 manu
485 866 680 907 occurrit.
730 864 937 905 Dextram
970 864 1157 905 venienti
1185 863 1345 904 obtulit
1369 877 1460 903 rex:
1488 873 1507 902 2

106 926 264 981 quippe
304 930 345 967 et
380 924 536 979 hospes
567 924 757 978 Philippi
792 924 943 978 fuerat,
977 938 1072 965 cum
1105 921 1223 963 Ocho
1256 924 1460 977 regnante

105 985 313 1037 exularet,
357 988 398 1025 et
438 984 617 1039 hospitii
656 985 838 1039 pignora
871 984 914 1024 in
948 997 1091 1039 regem
1125 997 1249 1023 suum
1282 982 1333 1022 ad
1365 981 1462 1022 ulti-

105 1060 221 1086 mum
254 1045 358 1085 fides
391 1047 639 1085 conservata
672 1043 878 1084 vincebat.
932 1041 1119 1084 Comiter
1151 1042 1285 1097 igitur
1316 1055 1462 1094 excep·
1490 1052 1509 1081 3

106 1107 191 1146 tus:
227 1103 305 1144 ‘Tu
339 1103 538 1158 quidem’‚
577 1103 735 1157 inquit,
776 1103 883 1156 ‘rex7
916 1102 1016 1143 deos
1050 1115 1225 1155 quaeso,
1258 1103 1463 1154 perpetua

105 1164 309 1205 felicitate
341 1163 510 1204 floreas:
551 1177 629 1218 ego
665 1162 814 1204 ceteris
846 1163 984 1203 laetus
1015 1162 1097 1201 hoc
1129 1175 1213 1202 uno
1248 1163 1463 1213 torqueor,

107 1223 220 1277 quod
245 1223 468 1278 praecipiti
495 1224 711 1263 senectute
738 1222 810 1263 diu
835 1221 921 1262 frui
947 1224 1022 1262 tua
1048 1220 1241 1261 bonitate
1260 1234 1347 1260 non
1368 1234 1463 1273 pos-

107 1282 228 1323 sum.5
284 1282 621 1337 Nonagesimum
655 1283 695 1322 et
730 1281 927 1335 quintum
961 1295 1118 1321 annum
1152 1279 1316 1335 agebat.
1376 1278 1462 1319 No·
1489 1289 1509 1319 4

54 1358 67 1381 ρ
107 1357 199 1383 vem
228 1343 413 1395 iuvenes,
446 1356 592 1382 omnes
620 1341 764 1382 eadem
798 1343 932 1381 matre
966 1339 1111 1395 geniti,
1143 1342 1308 1393 patrem
1335 1337 1463 1380 comi-

107 1401 327 1442 tabantur:
364 1401 444 1442 hos
478 1400 715 1442 Artabazus
756 1400 950 1441 dexterae
989 1399 1102 1454 regis
1142 1397 1332 1439 admovit
1372 1412 1463 1451 pre-

108 1463 245 1512 catus,
290 1464 337 1502 ut
382 1463 469 1501 tam
515 1460 586 1500 diu
632 1460 840 1510 viverent,
886 1460 1017 1500 donec
1059 1457 1186 1498 utiles
1218 1457 1462 1498 Alexandro

107 1523 259 1561 essent.
310 1520 403 1560 Rex
435 1519 615 1574 pedibus
648 1520 729 1560 iter
758 1520 1008 1573 plerumque
1034 1517 1234 1559 faciebat:
1266 1519 1369 1557 tunc
1396 1516 1464 1556 ad·
1491 1528 1510 1556 5

107 1580 269 1620 moveri
314 1579 395 1620 sibi
435 1582 476 1619 et
508 1578 720 1620 Artabazo
763 1592 896 1632 equos
929 1577 1071 1631 iussit,
1115 1591 1167 1617 ne
1199 1576 1293 1631 ipso
1327 1576 1463 1631 ingre-

109 1639 248 1680 diente
282 1638 460 1692 pedibus
494 1652 621 1679 senex
653 1652 761 1692 equo
795 1638 892 1678 vehi
925 1636 1200 1678 erubesceret.

196 1697 257 1740 Ut
289 1698 439 1738 deinde
472 1700 610 1739 castra
643 1700 744 1738 sunt
775 1698 928 1750 posita,
967 1694 1163 1748 Graecos,
1202 1709 1308 1748 quos
1341 1694 1463 1735 Arta-
1492 1705 1511 1735 6

109 1757 238 1798 bazus
283 1757 533 1809 adduxerat,
579 1757 801 1798 convocari
843 1756 978 1797 iubet:
1023 1758 1067 1796 at
1106 1755 1187 1807 illi,
1232 1754 1312 1795 nisi
1359 1753 1464 1794 fides

205 1890 223 1919 2
251 1885 336 1931 Hic]
363 1885 448 1919 him
468 1889 502 1919 P.
579 1885 754 1930 Erigyius
776 1886 997 1920 Frobemus:
1027 1884 1176 1928 erig-uus
1197 1887 1235 1916 A.
1313 1886 1332 1915 3
1359 1893 1466 1926 prae-

110 1933 249 1966 fectum
274 1937 307 1967 1:
335 1933 524 1977 praefecto
552 1936 590 1966 A.
714 1932 945 1977 Tapurorum
973 1932 1108 1966 Aldus:
1135 1933 1329 1965 taurorum
1353 1933 1392 1963 A.

109 1980 349 2026 Phradatem]
386 1980 633 2024 phar-adatem
659 1984 797 2013 FLPV.
938 1983 956 2014 6
985 1978 1248 2022 Amminaspin
1281 1978 1463 2012 Fuhre'us:

110 2028 287 2072 manapin
321 2031 345 2060 P
377 2040 418 2062 m.
443 2040 501 2072 pr.
530 2027 683 2072 manapi
711 2031 741 2060 C.
862 2031 878 2060 ἵ
908 2027 1141 2071 Tapurorum
1169 2026 1305 2060 Aldus:
1341 2026 1464 2058 tauro-

110 2087 191 2108 rum
212 2078 250 2108 A.
326 2075 488 2121 quoque]
515 2086 588 2119 quo
609 2078 634 2108 B
656 2087 700 2109 m.
715 2087 775 2119 pr.
853 2074 1019 2119 gentem]
1048 2073 1207 2118 centem]
1228 2076 1254 2105 P
1274 2084 1318 2107 m.
1334 2084 1391 2116 pr.

111 2122 305 2168 Phradati]
326 2122 527 2166 pharadati
547 2127 659 2164 FLP,
686 2122 911 2166 pharadatin
931 2125 970 2155 V.
1048 2127 1066 2153 ‘A
1095 2120 1244 2165 ultima]
1269 2131 1312 2153 ex
1331 2119 1466 2153 ultima

111 2172 137 2202 B
160 2182 200 2204 m.
217 2181 288 2214 piu,
315 2181 377 2205 rex
403 2170 537 2204 ultima
563 2173 588 2203 B
612 2182 652 2203 m.
681 2182 744 2204 sec.
773 2174 797 2203 P
818 2181 862 2204 m.
883 2180 946 2204 sec.
1048 2171 1089 2202 13
1116 2167 1269 2212 hospes]
1296 2178 1403 2212 ospes
1429 2171 1465 2201 L.

115 2221 156 2250 14
184 2217 366 2262 exularet]
393 2218 576 2251 exultaret
601 2221 636 2251 P.
735 2217 905 2262 hospitii]
934 2215 1061 2260 ospitii
1088 2219 1113 2248 L
1139 2227 1180 2249 m.
1202 2226 1261 2259 pr.
1289 2218 1314 2247 P
1333 2227 1377 2249 m.
1394 2226 1465 2259 pr„

111 2263 272 2307 hospicii
297 2268 370 2299 FV.
513 2269 555 2298 15
586 2264 747 2299 Comiter
772 2264 903 2310 igitur]
941 2263 1075 2297 comite
1111 2262 1253 2307 regitur
1282 2266 1307 2295 P
1336 2274 1380 2296 m.
1406 2273 1463 2304 pr.

113 2314 156 2344 23
183 2310 361 2357 faciebat]
388 2311 546 2346 satiebat
573 2316 608 2345 L.
691 2316 734 2346 24
762 2311 891 2357 equos]
919 2321 1013 2354 equo
1039 2314 1064 2343 P
1087 2322 1128 2344 m.
1146 2322 1202 2353 pr.
1286 2312 1329 2342 ’26
1357 2309 1466 2343 Ατῖεῑω

113 2358 243 2404 bazus]
271 2359 463 2393 artabatus
490 2363 525 2394 L.
626 2363 666 2392 27
696 2359 918 2404 adduxerat]
946 2357 1163 2392 addeixerat
1191 2361 1226 2391 P.
