1610 2522
14 303 62 338 16

376 70 715 106 HISTORIARUM
741 70 1024 104 ALEXANDRI
1051 71 1092 106 X.
1121 76 1151 104 5.
1356 72 1438 112 371

83 195 207 222 nores
234 194 410 236 negasse
438 182 475 221 ei
501 179 756 234 paenitebat,
784 179 1008 233 inpiosque
1035 183 1075 221 et
1100 180 1290 234 ingratos
1312 180 1442 220 fuisse

84 255 128 281 se
170 240 500 293 confitebantur,
545 239 657 293 quod
697 254 819 280 aures
859 239 949 279 eius
983 239 1122 280 debita
1157 240 1442 293 appellatione

82 300 360 340 fraudassent.
412 299 469 339 Et
502 313 595 339 cum
630 298 701 339 diu
734 313 845 339 nunc
874 299 917 338 111
943 299 1228 352 veneratione,
1260 313 1371 339 nunc
1399 299 1442 339 in

84 359 291 400 desiderio
325 359 436 413 regis
470 357 716 411 haesissent,
749 358 790 398 in
824 358 942 411 ipsos
974 372 1094 398 versa
1121 359 1336 399 miseratio
1368 360 1441 398 est.

48 436 62 460 5
83 417 333 459 Macedonia
366 418 544 472 profecti
577 417 690 458 ultra
710 416 960 470 Euphraten
996 419 1039 458 ίνι
1071 417 1219 458 mediis
1246 417 1442 459 hostibus
1470 429 1511 458 12

30 733 63 758 10

29 1030 62 1055 15

29 1326 62 1350 20

29 1622 62 1647 25

83 492 242 519 novum
280 477 502 530 imperium
538 476 864 530 aspernantibus
897 476 1125 517 destitutos
1159 492 1201 518 se
1234 491 1324 518 esse
1357 492 1442 517 cer-

82 537 257 578 nebant:
285 537 374 577 sine
403 539 517 578 certo
544 537 656 591 regis
684 536 848 590 herede,
877 536 966 577 sine
987 535 1140 577 herede
1161 537 1283 591 regni
1303 536 1437 590 publi-

84 610 152 637 cas
197 597 307 637 vires
349 595 400 636 ad
451 610 494 636 se
540 610 750 649 quemque
800 598 1045 636 tracturum.
1120 594 1240 637 Bella
1292 596 1441 636 deinde

84 655 242 707 civilia,
282 670 388 709 quae
421 658 564 695 secuta
597 658 714 707 sunt,
747 655 961 696 mentibus
995 656 1333 710 augurabantur:
1369 656 1442 696 ite-

83 730 176 756 rum
222 729 304 755 non
353 715 401 755 de
446 729 576 770 regno
611 714 756 765 Asiae,
803 715 875 755 sed
921 714 970 756 de
1004 729 1102 769 rege
1135 716 1239 769 ipsis
1273 715 1441 769 sangui-

83 789 178 815 nem
210 788 301 815 esse
329 774 600 827 fundendum,
631 773 754 814 novis
781 774 1028 815 vulneribus
1055 777 1218 815 veteres
1246 789 1442 828 rumpen-

84 833 158 875 das
200 833 435 874 cicatrices:
477 847 620 886 senes,
662 832 821 874 debiles
854 833 980 875 modo
1013 834 1147 888 petita
1179 834 1382 875 missione
1415 848 1442 875 a

83 894 196 934 iusto
228 907 327 948 rege
360 906 471 933 nunc
503 893 734 933 morituros
766 907 844 947 pro
878 894 1072 947 potentia
1102 893 1283 934 forsitan
1317 893 1440 934 satel-

82 952 170 993 litis
213 952 390 993 alicuius
431 952 646 1007 ignobilis.
716 951 804 993 Has
845 952 1127 1007 cogitationes
1170 952 1440 993 volventibus

82 1026 168 1052 nox
210 1012 453 1066 supervenit
494 1014 784 1065 terroremque
829 1013 957 1052 auxit.
1027 1011 1185 1052 Milites
1228 1013 1271 1052 in
1313 1011 1440 1052 armis

82 1070 335 1126 vigilabant,
367 1070 595 1124 Babylonii
628 1070 734 1111 alius
769 1086 789 1111 e
822 1071 974 1124 muris,
1019 1071 1125 1112 alius
1159 1071 1342 1112 culmine
1375 1071 1440 1112 sui

83 1130 260 1184 quisque
294 1131 395 1172 tecti
427 1130 759 1185 prospectabant
792 1132 912 1184 quasi
944 1131 1123 1171 certiora
1155 1130 1300 1172 visuri.
1351 1130 1441 1172 Nec

83 1190 308 1244 quisquam
339 1190 502 1231 lumina
534 1189 716 1230 audebat
748 1190 973 1231 accendere
1006 1193 1058 1243 et,
1091 1190 1191 1244 quia
1219 1190 1439 1231 oculorum

83 1249 274 1290 cessabat
304 1264 419 1300 usus,
458 1249 651 1290 fremitus
685 1264 893 1303 vocesque
926 1249 1100 1290 auribus
1133 1250 1360 1303 captabant
1393 1263 1441 1290 ac

81 1308 331 1362 plerumque
381 1323 489 1349 vano
541 1312 655 1349 metu
706 1309 846 1349 territi
888 1323 965 1363 per
1009 1309 1211 1350 0108811138
1257 1309 1441 1362 semitas,

83 1368 190 1408 alius
230 1368 303 1408 alii
341 1370 622 1418 occursantes,
663 1367 844 1409 invicem
878 1368 1063 1422 suspecti
1096 1383 1145 1409 ac
1178 1369 1352 1409 solliciti
1384 1367 1441 1409 fe-

82 1427 294 1468 rebantur.
357 1426 510 1468 Persae
544 1426 673 1468 comis
707 1442 782 1468 suo
815 1442 931 1468 more
968 1427 1157 1468 detonsis
1191 1429 1235 1468 in
1266 1427 1439 1483 lugubri

83 1489 198 1527 veste
242 1500 337 1526 cum
383 1486 634 1541 coniugibus
680 1500 727 1527 ac
770 1486 917 1528 liberis
955 1501 1042 1528 non
1080 1490 1128 1527 ut
1160 1488 1363 1528 victorem
1398 1489 1440 1528 et

81 1545 207 1586 modo
243 1544 327 1600 [ut]
360 1545 538 1597 hostem,
571 1545 645 1586 sed
676 1549 725 1586 ut
758 1546 897 1601 gentis
932 1561 1031 1587 suae
1066 1547 1347 1587 iustissimum
1380 1561 1441 1587 re-

83 1619 177 1659 gem
220 1619 314 1646 vero
354 1605 578 1651 desiderio.
612 1604 816 1659 lugebant
847 1620 895 1646 ac
932 1606 1041 1646 sueti
1068 1605 1146 1646 sub
1174 1619 1273 1661 rege
1302 1606 1439 1646 vivere

82 1678 165 1704 non
201 1663 348 1717 alium,
388 1664 459 1718 qui
492 1665 720 1718 imperaret
751 1665 873 1718 ipsis,
907 1665 1145 1720 digniorem
1177 1664 1309 1705 fuisse
1343 1680 1439 1706 con-

82 1722 325 1764 fitebantur.
386 1723 477 1765 Nec
516 1724 648 1765 muris
680 1723 800 1765 urbis
832 1725 972 1765 luctus
1007 1724 1323 1776 continebatur,
1368 1724 1439 1765 sed

180 1856 196 1884 1
224 1851 457 1896 paenitebat]
493 1852 736 1896 paenitebant
763 1856 795 1886 G.
931 1853 1113 1899 ingratos]
1146 1853 1387 1897 ingratosque
1413 1856 1440 1885 F

85 1910 126 1932 m.
152 1910 211 1942 pr.
359 1904 377 1931 2
411 1899 680 1945 appellatione]
716 1899 941 1943 apellatione
977 1904 1012 1934 P.
1160 1905 1179 1933 4
1215 1899 1438 1945 haesissent]

83 1945 240 1980 esissent
265 1950 305 1979 V.
416 1951 435 1979 5
462 1948 506 1980 in
534 1946 667 1981 mediis
694 1947 904 1992 Zwmptius:
932 1947 1064 1981 mediis
1091 1951 1130 1980 A.
1237 1951 1256 1981 6
1284 1947 1440 1981 destitu-

83 1994 139 2027 tos
167 1996 193 2026 B
215 2005 257 2027 m.
278 2005 360 2028 secu:
389 1993 581 2027 distitutos
608 1998 646 2027 A.
764 1998 783 2027 9
812 1995 950 2041 civilia]
977 1995 1081 2029 ciuili
1108 2000 1140 2028 c.
1264 1998 1305 2028 10
1332 1994 1438 2040 ipsis]

84 2040 156 2084 ipsi
176 2044 214 2073 V.
316 2045 356 2074 11
384 2041 627 2086 rumpendas]
647 2042 874 2086 rumpandas
894 2047 919 2075 P
1031 2046 1072 2076 12
1094 2054 1117 2076 a
1136 2042 1234 2076 iusto
1249 2045 1274 2074 13
1297 2054 1337 2075 m.
1355 2053 1437 2076 sca:

83 2087 181 2121 iusto
207 2091 246 2121 A.
390 2092 432 2121 14
458 2088 709 2134 volventibus]
736 2089 949 2124 uolentibus
976 2094 1012 2123 F.
1156 2093 1197 2124 16
1225 2088 1439 2135 Babylonii]

84 2134 265 2169 babilonii
290 2139 327 2177 P,
353 2135 550 2170 babillonii
575 2140 615 2169 V.
734 2140 774 2170 17
803 2137 975 2183 quisque]
1003 2137 1086 2181 quis
1112 2141 1148 2170 P.
1266 2136 1439 2181 certiora]

85 2181 246 2216 cercior-a
259 2186 284 2215 L
298 2194 342 2216 m.
353 2195 411 2227 pr.
425 2187 464 2217 V.
542 2187 584 2216 19
599 2184 703 2229 usus]
718 2196 786 2218 usu
800 2188 836 2218 P.
913 2188 956 2219 20
971 2184 1204 2229 plerumque]
1220 2184 1438 2228 plerumque

85 2240 179 2272 quae
207 2233 238 2262 c.
350 2234 392 2263 ’22
421 2230 536 2264 8011118
563 2242 627 2265 suo
656 2231 878 2266 Palma-izos:
907 2231 1102 2266 commisso
1128 2234 1168 2265 A.
1285 2234 1327 2264 ‘23
1356 2242 1438 2264 cum

86 2276 321 2322 coniugibus]
349 2278 569 2322 coniugibus
597 2282 629 2311 c.
730 2283 773 2313 24
801 2280 873 2325 [ut]
900 2280 966 2314 dez.
1000 2279 1225 2314 Vindelinus.
1326 2282 1368 2311 ’25
1397 2289 1438 2311 38

87 2323 196 2368 sueti]
225 2325 364 2358 assueti
391 2328 416 2357 B
439 2338 481 2359 m.
503 2337 566 2360 sec.
587 2329 694 2359 FLV.

1157 2385 1224 2418 24*

1470 607 1513 637 13

1470 845 1511 874 14

1469 964 1510 993 15

1470 1142 1510 1172 16

1468 1439 1510 1468 17

1468 1735 1510 1765 18
