1610 2522
132 122 186 160 :39
639 125 677 163 Q.
707 121 847 155 (ἾἯἿῚ
880 122 986 155 RUFI

139 232 253 285 regni
291 231 368 274 sni.
404 231 653 272 veniendum
684 231 722 271 in
753 244 938 285 campos,
973 230 1042 272 ubi
1071 232 1284 286 paucitate
1313 246 1482 272 suorum

88 304 106 331 5,
136 291 468 332 erubescendum
502 291 574 343 sit,
616 290 655 331 in
693 290 887 343 Mediam,
919 289 1194 344 Hyrcaniam,
1238 290 1405 332 Bactra:
1445 294 1486 332 et

135 349 276 401 Indos,
314 350 469 392 Oceani
505 350 681 396 accolas,
716 350 884 404 quando
913 350 1139 403 aditurum,
1171 365 1221 391 ne
1249 349 1486 405 Sogdianos

135 413 176 450 et
218 409 476 451 Arachosios
517 410 730 450 nominem
772 411 1017 463 ceterasque
1056 413 1204 463 gentes
1244 409 1294 450 ad
1335 409 1485 451 Cam-a-

136 485 227 510 sum
256 472 297 510 et
318 468 481 510 Tanain
511 470 799 523 pertinentes?
863 464 1173 510 Senescendum
1203 470 1293 510 fore
1321 471 1486 510 tantum

91 542 109 569 r,
138 532 344 569 terrarum
379 529 444 570 vel
479 529 567 569 sine
601 527 764 583 proelio
793 528 979 570 obeunti.
1045 528 1098 569 Se
1132 543 1229 570 vero
1263 529 1314 569 ad
1349 529 1487 583 ipsum

139 603 287 629 vocare
314 588 541 629 desineret:
570 603 751 642 namque
778 587 892 629 illius
915 589 1043 629 exitio
1072 603 1114 629 se
1141 603 1230 629 esse
1252 591 1487 629 venturum.

92 660 108 690 7
138 647 381 689 Alexander
404 649 466 698 iis,
494 648 564 702 qui
588 648 752 689 litteras
774 648 1018 694 attulerant.
1045 648 1276 703 respondit,
1303 647 1487 689 Dareum

138 707 218 748 sibi
260 707 396 749 aliena
428 708 678 762 promittere
712 711 769 756 et,
810 707 922 762 quod
963 710 1100 748 totum
1135 707 1343 760 amiserit,
1384 706 1488 748 velle

137 768 297 821 partiri.
361 767 466 808 Doti
489 767 567 808 sibi
593 767 682 808 dari
703 766 893 820 Lydiam,
914 766 1052 819 Ionas,
1072 766 1306 818 Aeolidem,
1328 766 1488 808 Helles-

136 828 259 882 ponti
301 842 437 878 oram,
476 827 680 868 victoriae
720 841 818 868 suae
851 827 1049 881 praemia.
1116 826 1247 881 Leges
1287 829 1426 868 autem
1467 841 1490 866 a

137 886 371 928 victoribus
415 886 516 939 dici,
558 885 691 940 accipi
734 902 755 927 a
798 887 937 928 victis:
986 887 1029 927 in
1071 889 1168 927 utro
1211 889 1322 928 statu
1365 885 1490 927 ambo

137 949 289 999 essent,
324 947 356 986 si
393 945 508 987 solus
543 947 770 1002 ignoraret,
803 961 929 1000 quam
965 946 1148 1000 primum
1183 945 1320 987 Marte
1354 945 1491 986 decer-

88 1022 107 1044 s
137 1009 266 1047 neret.
331 1005 490 1060 Seque,
530 1020 624 1047 cum
658 1007 857 1047 transiret
897 1021 1028 1059 mare,
1068 1020 1150 1046 non
1187 1005 1377 1047 Ciliciam
1418 1008 1491 1046 aut

136 1065 312 1119 Lydiam
349 1091 405 1095 —-
439 1066 596 1120 quippe
624 1066 733 1106 tanti
767 1065 866 1106 belli
896 1065 1092 1120 exiguam
1128 1065 1235 1106 lianc
1264 1080 1354 1106 esse
1387 1079 1491 1106 mer-

135 1125 277 1167 cedem
330 1151 394 1179 -—,
437 1125 509 1165 sed
549 1124 823 1179 Persepolim,
866 1128 993 1179 caput
1032 1125 1151 1180 regni
1195 1125 1296 1178 eius,
1338 1124 1492 1165 Bactra

137 1185 288 1226 deinde
326 1188 368 1226 et
408 1185 627 1226 Ecbatana
666 1184 893 1238 ultimique
933 1183 1118 1225 Orientis
1158 1199 1274 1226 oram
1314 1184 1491 1239 imperio

136 1245 380 1286 destinasse.
455 1244 732 1298 Quocumque
778 1244 848 1285 ille
893 1244 1039 1300 fugere
1080 1244 1308 1298 potuisset,
1353 1243 1490 1298 ipsum

137 1305 255 1358 sequi
290 1319 430 1358 posse:
473 1304 683 1345 desineret
716 1307 872 1345 terrere
906 1304 1167 1356 fluminibus,
1207 1318 1330 1357 quem
1365 1303 1492 1344 sciret

136 1365 271 1405 maria
302 1363 517 1406 transisse.

89 1437 108 1465 a
256 1423 396 1477 Reges
449 1423 618 1477 quidem
673 1423 775 1463 haec
828 1423 1007 1463 invicem
1059 1423 1326 1476 scripserant.
1409 1420 1489 1463 Sed

136 1483 295 1524 Rhodii
342 1483 491 1524 urbem
541 1497 659 1523 suam
707 1484 940 1536 portusque
985 1481 1191 1523 dedebant
1238 1480 1491 1522 Alexandro.

137 1542 214 1584 Ille
257 1543 449 1584 Ciliciam
490 1541 655 1584 Socrati
698 1541 930 1583 tradiderat
969 1540 1140 1582 Philota
1180 1541 1343 1595 regioni
1383 1541 1493 1582 circa

137 1602 298 1656 Tyrum
343 1603 456 1643 iusso
500 1602 750 1656 praesidere.
815 1600 994 1655 Syriam,
1037 1616 1142 1655 quae
1186 1599 1310 1641 Coele
1353 1599 1491 1655 appel-

137 1663 261 1715 latur,
307 1661 609 1703 Andromacho
656 1660 879 1702 Parmenio
924 1660 1158 1702 tradiderat
1204 1659 1331 1713 bello,
1377 1660 1492 1714 quod

70 1734 111 1763 10
140 1724 371 1776 supererat,
414 1721 707 1762 interfuturus.
772 1720 862 1761 Rex
902 1719 1220 1774 Hephaestione
1259 1719 1492 1761 Phoenices

235 1914 253 1943 2
269 1909 513 1955 Hyrcaniam]
528 1908 734 1943 hiri-aniam
750 1912 781 1942 C.
852 1908 1002 1954 Bactra]
1018 1908 1174 1942 bacthra
1187 1912 1221 1942 P.
1293 1912 1311 1940 3
1327 1908 1491 1953 quando]

138 1957 260 2001 quado
289 1962 320 1991 C.
434 1957 658 2001 Sogdianos]
686 1956 881 1991 socdianos
910 1961 940 1990 C.
1051 1961 1070 1989 ἔ)
1098 1956 1257 2001 Tanain]
1285 1955 1423 1989 tanaim
1453 1959 1492 1992 V.

137 2005 284 2039 tanatin
305 2009 342 2047 F,
365 2004 517 2038 tana*in
538 2008 574 2047 L,
595 2006 754 2038 tanatun
774 2007 799 2037 B
817 2016 858 2037 m.
879 2016 933 2048 pr.
1011 2008 1028 2037 7
1057 2016 1094 2038 se
1116 2004 1211 2049 esse]
1234 2016 1275 2037 η*
1292 2015 1369 2037 esse
1385 2006 1420 2036 P.

138 2053 190 2098 et]
219 2064 260 2085 eo
281 2056 320 2086 V.
429 2056 470 2086 10
498 2052 654 2096 Lydiam
682 2052 817 2086 Aldus:
846 2051 976 2085 lidiam
1005 2054 1042 2085 A.
1158 2055 1196 2085 11
1227 2062 1247 2084 a
1274 2049 1491 2095 victoribus]

139 2099 352 2134 auctoribus
380 2104 405 2133 F
434 2112 476 2134 m.
493 2112 550 2144 pr.
573 2103 598 2132 L
624 2111 668 2134 m.
685 2111 743 2143 pr.
846 2103 887 2132 14
916 2098 1033 2143 Seque
1054 2099 1199 2142 scripsi:
1228 2111 1265 2132 se
1287 2109 1431 2142 quoque
1453 2101 1491 2131 Δ.

141 2152 182 2182 15
211 2147 383 2193 Lydiam]
413 2147 542 2181 lidiam
571 2152 603 2181 C.
712 2151 753 2180 16
781 2147 909 2191 caput]
938 2146 1059 2191 capud
1086 2150 1120 2179 P.
1224 2150 1267 2179 ‘2⁶2
1297 2145 1431 2179 Rhodii
1459 2149 1492 2180 1:

139 2195 233 2229 rodii
255 2199 291 2235 P,
314 2195 434 2229 hrodii
457 2199 478 2228 C
499 2194 659 2240 [horodii
676 2195 727 2239 LJ.
805 2194 1006 2239 dedebant]
1029 2193 1215 2227 debebant
1229 2197 1267 2227 V.
1344 2197 1386 2226 ‘23
1408 2192 1493 2226 Phi-

138 2242 215 2276 lota
251 2242 483 2277 Vindasnus:
525 2242 663 2276 filiatae
700 2245 737 2275 A.
886 2246 929 2275 ‘24
970 2240 1197 2286 appellatur]
1237 2239 1423 2285 apellatur
1457 2244 1491 2274 P.

139 2295 183 2324 25
209 2290 414 2336 Parmenio]
430 2289 646 2334 parmoenio
662 2294 694 2322 C.
764 2288 862 2323 bello
879 2289 1046 2324 Alledius:
1063 2289 1110 2323 ab
1125 2287 1189 2322 illo
1205 2292 1243 2322 Δ.
1320 2291 1362 2322 26
1381 2288 1494 2322 inter-

140 2338 285 2372 futurus
315 2338 477 2373 Mamas:
506 2337 576 2372 iter
602 2338 767 2371 facturus
792 2340 830 2371 A.
905 2335 1181 2381 Hephaestione
1205 2337 1356 2380 Oospus:
1385 2335 1493 2380 ephe—

139 2386 259 2420 stione
286 2388 323 2418 A.
426 2385 626 2420 Phoenices
655 2385 789 2419 Aldus:
818 2383 1010 2429 phoenicis
1038 2387 1076 2418 Δ.

1513 783 1544 808 10

1513 1081 1544 1106 15

1512 1379 1546 1404 20

1513 1424 1562 1459 22

1513 1677 1546 1702 25
