1610 2522
72 696 113 726 13

69 994 112 1024 14

70 1113 112 1141 15

69 1291 111 1320 lv.

69 1528 111 1558 17

70 1646 110 1676 18

69 1944 110 1973 19

145 101 227 143 146
645 101 684 143 Q.
714 102 857 136 GURTI
884 102 996 136 RUFI

142 226 266 265 quani
304 222 357 251 CC
385 211 521 251 stadia
553 211 712 263 abesse,
746 212 990 264 exercitum,
1022 215 1172 267 utpote
1205 212 1386 266 praedae
1419 213 1501 254 avi-

142 272 254 324 dum,
300 271 615 325 inconpositum
658 271 1033 324 inordinatumque
1070 272 1308 326 procedere.
1391 271 1502 325 Hyr-

143 331 305 370 1-31113111
350 329 481 371 videri
520 330 748 383 petituros:
797 331 834 370 si
872 330 1093 371 festinaret
1138 333 1257 384 sequi
1296 333 1505 386 palanteS,

95 407 112 429 ·.
144 392 512 443 superventurum.
577 388 759 430 Dareum
801 388 938 430 adhuc
971 390 1122 431 vivere.
1187 389 1369 432 Strenuo
1402 389 1502 432 alio—

143 450 214 502 qui
249 448 524 502 cupiditatem
549 448 833 502 consequendi
860 449 1084 505 transfuga
1104 450 1324 491 iniecerat:
1358 451 1501 504 itaque
1540 467 1556 492 5

141 508 377 548 calcaribus
411 507 593 548 subditis
627 508 759 549 effuso
795 523 921 549 cursu
943 512 1054 549 eunt.
1099 507 1274 563 Iamque
1306 509 1502 550 fremitus

140 566 330 608 host-ium
365 567 446 608 iter
478 566 809 622 ingredientium
843 567 1168 621 exaudiebatur,
1201 568 1270 609 sed
1305 582 1504 623 prospec-

141 630 233 667 tum
267 626 481 667 ademerat
514 627 701 681 pulveris
734 626 880 667 nubes.
924 626 1147 681 Paulisper
1179 642 1280 683 ergo
1314 628 1504 669 inhibuit

142 700 324 739 cursum,
358 686 491 727 donec
525 686 765 727 consideret
795 687 948 740 pulvis.
1012 685 1188 741 Iamque
1229 688 1446 742 conspecti
1479 701 1503 727 a

142 745 334 786 barbaris
374 748 492 786 erant
531 748 573 786 et
612 745 860 787 abeuntium
903 760 1055 801 agmen
1094 748 1401 801 conspexerant
1433 761 1502 787 ne·
1523 763 1558 788 ιο

140 819 352 858 quaquam
395 805 528 845 futuri
562 819 701 860 pares,
747 805 778 845 si
814 804 946 845 Besso
988 809 1154 847 tantum
1190 806 1318 847 animi
1351 806 1503 847 fuisset

139 864 192 904 ad
224 864 447 918 proelium,
481 867 687 917 quantum
721 865 773 905 ad
804 864 1081 919 parricidium
1109 865 1258 906 fuerat.
1304 865 1503 919 Namque

140 927 182 964 et
219 938 397 965 numero
438 924 606 964 barbari
646 924 923 978 praestabant
956 928 998 965 et
1029 924 1203 966 robore:
1238 924 1288 965 ad
1321 925 1403 966 hoc
1435 939 1495 965 re-

138 983 239 1024 fecti
272 997 367 1024 cum
399 983 594 1038 fatigatis
627 986 837 1024 certamen
870 983 1020 1024 inituri
1053 987 1183 1025 erant.
1235 983 1317 1025 Sed
1349 998 1502 1026 nomen

138 1042 372 1083 Alexandri
405 1046 447 1083 et
479 1044 612 1095 fama,
644 1044 875 1084 maximum
908 1044 952 1084 in
987 1043 1097 1084 bello
1131 1044 1281 1097 utique
1314 1058 1501 1085 momen·
1522 1061 1555 1087 15

140 1104 244 1156 tum,
275 1102 454 1156 pavidos
487 1103 529 1143 in
562 1101 708 1157 fugam
743 1103 907 1143 avertit.
972 1102 1128 1144 Bessus
1161 1117 1262 1144 vero
1296 1106 1337 1144 et
1371 1103 1500 1144 ceteri
1522 1107 1572 1142 37

138 1161 340 1202 facinoris
375 1162 464 1202 eius
497 1161 729 1216 participes
762 1161 1005 1203 vehiculum
1027 1161 1154 1203 Darei
1188 1162 1378 1204 adsecuti
1411 1176 1501 1204 coe-

138 1223 295 1275 perunt
336 1220 495 1261 hortari
539 1235 652 1274 eum,
691 1221 993 1262 conscenderet
1033 1236 1187 1275 equum
1222 1225 1263 1263 et
1302 1236 1345 1263 se
1385 1221 1501 1263 hosti

139 1279 242 1336 fuga
284 1280 477 1335 eriperet.
559 1279 636 1321 me
685 1281 785 1321 deos
830 1282 991 1322 ultores
1039 1281 1183 1322 adesse
1234 1284 1418 1322 testatur
1459 1283 1503 1322 et

139 1339 371 1380 Alexandri
418 1340 542 1381 fidem
587 1339 806 1394 inplorans
852 1343 980 1396 negat
1019 1354 1062 1382 se
1114 1341 1347 1394 parricidas
1392 1342 1557 1383 vellezo

140 1399 345 1440 comitari.
409 1399 518 1440 Tum
551 1414 650 1440 vero
695 1401 753 1440 ira
796 1414 965 1453 quoque
998 1400 1162 1440 accensi
1195 1401 1278 1441 tela
1312 1400 1501 1441 coiciunt

138 1459 181 1499 in
223 1473 366 1514 regem
400 1460 632 1513 multisque
672 1459 916 1500 confossum
952 1459 1200 1500 vulneribus
1240 1461 1498 1513 relinquunt.

139 1516 335 1559 Iumenta
368 1533 550 1573 quoque,
581 1533 634 1559 ne
666 1518 838 1573 longius
871 1519 1076 1573 prosequi
1107 1522 1295 1572 possent,
1330 1518 1500 1560 convul-

138 1581 289 1618 nerant
317 1578 483 1618 duobus
517 1577 662 1631 servis,
697 1579 771 1631 qui
804 1592 946 1633 regem
978 1577 1303 1633 comitabantur,
1337 1578 1499 1620 occisis.

139 1635 233 1677 Hoc
266 1636 381 1678 edito
413 1637 622 1691 facinore,
660 1639 708 1677 ut
740 1637 923 1692 vestigia
961 1637 1088 1692 fugae
1121 1640 1383 1692 spargerent,
1415 1636 1500 1678 Na·
1519 1653 1553 1680 25

140 1696 341 1736 barzanes
390 1695 665 1750 Hyrcaniam,
714 1696 871 1737 Bessus
915 1696 1070 1737 Bactra
1114 1698 1261 1751 paucis
1307 1697 1498 1751 equitum

139 1755 445 1796 comitantibus
477 1755 689 1810 petebant.
753 1755 930 1796 Barbari
964 1755 1142 1796 ducibus
1175 1755 1382 1809 destituti,
1416 1770 1499 1809 qua

138 1829 351 1869 quemque
393 1818 466 1856 aut
505 1829 600 1870 spes
641 1814 821 1856 ducebat
860 1818 933 1855 aut
964 1829 1115 1870 pavor,
1158 1815 1497 1869 dissipabantur:

139 1886 170 1914 D
213 1876 381 1915 tantum
427 1875 591 1927 equites
650 1877 1014 1929 congregaverant
1059 1889 1102 1915 se
1148 1874 1297 1915 incerti
1349 1874 1498 1928 adhuc,

140 1934 336 1974 resistere
374 1933 527 1975 melius
566 1936 677 1975 esset
715 1948 767 1974 an
806 1933 963 1987 fugere.
1033 1933 1272 1975 Alexander
1309 1933 1496 1974 hostium
1518 1950 1553 1975 so

138 1993 424 2047 trepidatione
464 1996 667 2048 conperta
714 1991 970 2033 Nicanorem
1012 2006 1106 2033 cum
1147 1993 1338 2046 equitum
1376 1995 1497 2048 parte

234 2125 251 2154 1
281 2120 442 2164 praedae
470 2121 619 2154 avidum
646 2122 792 2165 scripsi:
823 2124 1065 2164 praecaneret
1091 2123 1129 2154 A.
1222 2124 1241 2153 ⁴2
1268 2120 1495 2164 Hyrcaniam

137 2167 273 2202 Aldus:
302 2168 507 2202 hircaniam
528 2171 605 2208 ΒΡ,
632 2167 873 2212 hyrchaniam
895 2172 933 2210 F,
954 2168 1187 2202 hirchaniam
1208 2171 1280 2201 LV.
1357 2172 1377 2201 4
1404 2167 1496 2202 alio-

137 2215 200 2258 qui
225 2219 259 2248 1:
289 2215 453 2259 alioquin
475 2219 513 2249 Δ.
592 2219 634 2249 10
661 2215 894 2261 abeuntium]
916 2215 1138 2249 abeunciurn
1158 2218 1196 2248 V.
1275 2220 1317 2249 14
1343 2226 1476 2250 nomen

136 2273 305 2296 no*mem
327 2266 362 2296 L.
463 2267 506 2296 25
533 2262 786 2309 Nabarzanes]
815 2263 1025 2297 nabazanes
1048 2267 1084 2296 F.
1185 2267 1228 2297 26
1253 2216 1494 2308 Hyrcaniam}

136 2309 341 2344 hircaniam
369 2313 507 2344 BLPV.
620 2314 663 2344 2⁸
691 2312 755 2344 aut
783 2310 908 2355 pavor]
939 2310 1012 2344 aud
1039 2321 1156 2354 pauor
1181 2314 1216 2343 L.
1337 2310 1495 2354 dissipa-

136 2357 274 2391 bantur
301 2361 337 2390 C:
367 2357 596 2401 dissipantur
621 2361 656 2391 P.
755 2358 808 2403 se]
837 2358 866 2391 si
887 2360 912 2390 B
936 2369 1053 2402 impr.
