1610 2522
150 92 205 129 9⁹
657 93 696 131 Q.
726 90 864 124 ‹·I·II.'I'1
899 90 1003 124 RI'FI

32 202 129 236 XIIII
154 199 459 253 interequitans
482 199 807 253 adloquebatur:
843 199 1037 241 Emensis
1065 203 1129 241 tot
1156 203 1288 242 terras
1319 202 1357 242 in
1386 216 1500 255 spem

152 259 370 309 victoriae,
417 259 466 300 de
513 274 596 312 qua
635 259 919 300 dimicandum
968 261 1094 307 foret.
1142 260 1221 301 hoe
1268 276 1395 302 unum
1438 277 1485 302 su

151 333 316 372 peresse
353 318 590 359 discrimen.
655 318 882 360 Granicum
927 319 996 360 hio,
1037 335 1200 361 amnem
1247 320 1502 374 Ciliciaeque

150 381 313 418 montes
353 381 394 419 et
435 377 598 431 Syriam
642 377 973 432 Aegyptumque
1014 380 1372 433 praetereuntibus
1412 395 1504 435 rap-

150 440 231 485 tas,
286 438 475 493 ingentia
523 437 610 491 spei
658 438 903 491 gloriaeque
947 439 1239 492 incitamenta,
1283 440 1503 481 referebat.

102 509 120 537 ι)
154 496 445 551 Reprehensos
485 512 534 538 ex
576 499 677 551 fuga
711 496 859 538 Persas
899 502 1181 553 pugnaturos,
1221 500 1320 553 quia
1358 500 1504 555 fugere

99 1462 118 1491 6

148 571 234 597 non
264 560 447 610 possent.
511 556 702 598 Tertium
731 558 814 598 iam
843 557 952 598 diem
982 561 1096 599 metu
1125 573 1350 614 exangues,
1377 559 1504 600 armis

148 617 234 657 suis
270 619 467 658 oneratos
501 617 543 657 in
578 616 725 657 eodem
760 618 942 671 vestigio
976 618 1159 659 haerere.
1225 618 1403 659 Nullum
1438 619 1502 660 de-

148 677 402 729 sperationis
443 676 612 717 illorum
649 676 785 718 maius
819 677 1019 718 indicium
1066 691 1172 731 esse,
1221 693 1346 732 quam
1390 678 1502 733 quod

149 736 292 781 urbes,
334 735 449 789 quod
481 750 606 791 agros
641 750 740 777 suos
774 740 963 782 urerent,
1003 737 1209 791 quidquid
1247 752 1327 778 11011
1363 753 1503 780 corru-

149 794 328 849 pissent,
373 796 560 836 hostium
606 810 697 837 esse
740 797 936 838 confessi.
999 795 1185 837 Nomina
1227 797 1354 838 modo
1398 813 1505 839 vana

147 854 340 910 gentium
376 856 617 909 ignotarum
660 870 711 897 ne
745 856 1087 897 extimescerent:
1125 871 1261 911 neque
1301 858 1411 898 enim
1453 857 1504 898 ad

148 913 248 955 belli
291 914 516 956 discrimen
560 916 791 969 pertinere,
839 916 911 969 qui
960 916 1010 957 ab
1060 916 1110 957 iis
1154 915 1337 969 Scythae
1379 918 1504 971 quiv(¹

148 974 318 1015 Cadusii
378 974 704 1028 appellarentur.
780 974 844 1015 Ob
896 975 938 1016 id
990 976 1148 1042 ipsum,
1201 976 1313 1041 quod
1368 977 1503 1033 ignoti

147 1037 299 1085 essent,
332 1033 545 1087 itrnobiles
579 1050 689 1076 esse:
724 1050 954 1089 numquam
990 1036 1178 1090 ignorari
1212 1036 1324 1077 viros
1358 1037 1502 1090 fortes,

147 1096 189 1133 at
219 1088 397 1134 inbelles
430 1109 480 1134 ex
508 1094 682 1135 latebris
717 1095 803 1135 suis
831 1098 974 1136 erutos
1003 1094 1111 1136 nihil
1138 1099 1304 1149 praeter
1328 1096 1502 1137 nomina

145 1153 320 1194 adferre
397 1153 649 1195 Macedonas
691 1154 850 1196 virtute
892 1155 1132 1207 adsecutos,
1180 1170 1232 1195 ne
1274 1156 1368 1209 quis
1410 1158 1501 1197 toto

146 1212 246 1253 orbe
274 1213 393 1254 locus
421 1217 541 1268 esset,
570 1215 643 1267 qui
670 1215 775 1256 tales
804 1215 917 1255 viros
940 1214 1167 1269 ignoraret.
1231 1213 1503 1256 Intuerentur

145 1272 422 1314 11111111110111111
468 1274 734 1315 inconditum
780 1288 950 1328 agmen·
1001 1274 1130 1315 alium
1183 1274 1290 1315 nihil
1336 1278 1503 1329 praeter

148 1332 330 1373 iaculum
360 1332 527 1381 habere,
559 1333 691 1374 alium
718 1333 851 1374 funda
884 1349 984 1374 sax-r
1010 1333 1177 1386 librare,
1210 1335 1355 1388 paucis
1390 1335 1501 1376 iusta
1523 1354 1536 1378 2

145 1407 261 1433 11111111
307 1407 406 1433 9559.
490 1382 640 1447 Itaque
685 1394 802 1434 illinc
847 1394 989 1447 plures
1035 1397 1163 1445 stare,
1215 1394 1314 1435 111110
1359 1395 1500 1448 plures

147 1451 435 1493 dimicaturos.
499 1452 589 1493 Nec
622 1454 838 1507 postulare
872 1467 927 1506 59,
960 1456 1006 1494 ut
1038 1454 1207 1494 fortiter
1234 1458 1502 1508 capesserent

145 1512 368 1565 proelium,
400 1513 445 1553 ni
477 1513 567 1566 ipse
595 1513 744 1554 ceteris
771 1512 1035 1554 fortitudinis
1062 1513 1213 1554 fuisset
1240 1513 1501 1568 exemplum:

145 1586 187 1611 se
228 1574 323 1612 ante
363 1572 499 1625 prima
541 1573 662 1628 signa
701 1572 1013 1614 dimicaturum.
1085 1571 1303 1626 Spondere
1343 1588 1417 1627 pro
1458 1588 1501 1614 se

144 1634 207 1671 tot
255 1631 489 1684 cicatrices
540 1631 717 1673 totidem
771 1632 960 1686 corporis
1012 1632 1179 1673 decora:
1234 1633 1339 1674 seire
1384 1633 1535 1687 1115051Ἰ

144 1705 274 1731 unum
324 1705 455 1744 paene
501 1706 544 1732 se
588 1692 769 1746 praedae
809 1692 1047 1733 communis
1093 1695 1281 1733 exortem
1329 1693 1371 1733 in
1416 1692 1499 1733 illis

145 1750 333 1790 colendis
356 1751 641 1805 ornandisque
668 1766 873 1806 usurpare
896 1751 1097 1792 vic-toriae
1124 1753 1309 1806 praemia
1384 1751 1501 1793 Haeo,

145 1824 187 1849 se
238 1809 422 1850 fortibus
475 1812 575 1851 viris
629 1811 778 1853 dicere.
861 1810 905 1852 Si
957 1812 1030 1865 qui
1076 1811 1302 1852 dissimiles
1353 1825 1497 1852 eorum

240 1979 253 2008 l
285 1974 575 2021 adloquebatur]
613 1975 911 2020 adloquebantur
937 1980 976 2010 V.
1100 1982 1118 2010 :2
1148 1976 1192 2009 de
1232 1976 1320 2021 qua]
1354 1975 1498 2019 deaque

142 2026 200 2055 ΕΙ,
223 2035 264 2057 m.
284 2035 353 2066 pr„
381 2023 502 2068 deque
522 2027 547 2056 P
570 2036 611 2058 m.
634 2036 692 2068 pr.
810 2028 829 2057 4
858 2024 1174 2068 praetereuntibus
1202 2024 1366 2058 Modius:
1396 2035 1498 2068 prae-

141 2070 316 2104 euntibus
343 2074 382 2104 A.
476 2075 495 2104 6
523 2072 580 2117 ex]
610 2073 646 2105 et
672 2075 697 2104 P
719 2084 761 2105 m».
778 2083 836 2116 pr.
932 2076 972 2105 12
1001 2071 1062 2117 ad]
1091 2084 1111 2105 a
1137 2075 1172 2104 P.
1269 2075 1310 2105 13
1339 2071 1498 2115 Scythae

143 2119 278 2153 Aldus:
306 2120 494 2162 scytarum
521 2116 759 2158 P‚⁷scitaru1u
788 2124 819 2152 c.
916 2123 956 2152 14
985 2119 1262 2163 appellarentur
1288 2119 1497 2163 Zumptius:

142 2165 380 2210 appellantur
406 2169 444 2199 A.
548 2170 588 2200 16
616 2167 670 2212 at'}
697 2168 762 2200 aut
788 2170 823 2200 F.
924 2166 1093 2212 latebris]
1122 2166 1234 2200 labris
1261 2170 1286 2199 P
1308 2179 1348 2200 m,
1368 2178 1424 2210 pr.

142 2214 282 2259 erutos]
309 2215 459 2258 eruptos
481 2218 506 2247 F
535 2227 576 2248 m.
595 2227 652 2258 pr.
754 2218 793 2247 17
825 2214 1061 2259 Maccdonas!
1090 2214 1309 2248 macedones
1332 2218 1358 2248 P
1381 2227 1422 2248 m.
1441 2227 1496 2258 pr.

143 2264 186 2294 20
214 2261 365 2306 habore]
394 2261 549 2296 barbare
576 2265 600 2294 P
623 2274 664 2295 m.
684 2273 739 2305 pr.
839 2261 990 2306 librare]
1019 2261 1175 2296 liberare
1200 2265 1224 2294 P
1247 2274 1287 2295 m.
1306 2273 1363 2306 pr.
1385 2265 1424 2295 V.

143 2308 255 2354 iusta}
283 2309 386 2342 iuxta
412 2313 447 2342 F.
572 2313 615 2342 ‘23
644 2309 677 2343 ni
707 2309 802 2353 ipse!
831 2308 881 2343 nil
909 2309 987 2354 ipse
1015 2313 1050 2347 1².
1079 2310 1184 2353 nipse
1211 2312 1246 2342 B.
1371 2313 1414 2343 26
1443 2310 1497 2355 se]

143 2368 209 2391 om.
231 2359 270 2389 V.
371 2360 415 2390 28
442 2356 657 2403 dissimiles]
685 2356 877 2391 dissimilis
905 2361 929 2390 P
950 2370 993 2391 m.
1010 2369 1068 2402 pr.

1527 758 1558 781 10

1526 1055 1556 1080 15
