<?xml version="1.0" encoding="UTF-8"?>
<!DOCTYPE html PUBLIC "-//W3C//DTD XHTML 1.0 Transitional//EN"
    "http://www.w3.org/TR/xhtml1/DTD/xhtml1-transitional.dtd">
<html xmlns="http://www.w3.org/1999/xhtml" xml:lang="en" lang="en">
 <head>
  <title>
</title>
<meta http-equiv="Content-Type" content="text/html;charset=utf-8" />
  <meta name='ocr-system' content='tesseract 3.04.00' />
  <meta name='ocr-capabilities' content='ocr_page ocr_carea ocr_par ocr_line ocrx_word'/>
</head>
<body>
  <div class='ocr_page' id='page_1' title='image "./historiaealexand00curtuoft_0120.png"; bbox 0 0 1610 2522; ppageno 0'>
   <div class='ocr_carea' id='block_1_1' title="bbox 106 1271 118 1304">
    <p class='ocr_par' dir='ltr' id='par_1_1' title="bbox 106 1271 118 1304">
     <span class='ocr_line' id='line_1_1' title="bbox 106 1271 118 1304; baseline 0 0"><span class='ocrx_word' id='word_1_1' title='bbox 106 1271 118 1304; x_wconf 91' lang='lat'>1</span> 
     </span>
    </p>
   </div>
   <div class='ocr_carea' id='block_1_2' title="bbox 94 1457 113 1487">
    <p class='ocr_par' dir='ltr' id='par_1_2' title="bbox 94 1457 113 1487">
     <span class='ocr_line' id='line_1_2' title="bbox 94 1457 113 1487; baseline 0 0"><span class='ocrx_word' id='word_1_2' title='bbox 94 1457 113 1487; x_wconf 81' lang='lat'><strong>2</strong></span> 
     </span>
    </p>
   </div>
   <div class='ocr_carea' id='block_1_3' title="bbox 95 1754 114 1784">
    <p class='ocr_par' dir='ltr' id='par_1_3' title="bbox 95 1754 114 1784">
     <span class='ocr_line' id='line_1_3' title="bbox 95 1754 114 1784; baseline 0 -2"><span class='ocrx_word' id='word_1_3' title='bbox 95 1754 114 1784; x_wconf 83' lang='lat'><strong>3</strong></span> 
     </span>
    </p>
   </div>
   <div class='ocr_carea' id='block_1_4' title="bbox 95 1874 115 1904">
    <p class='ocr_par' dir='ltr' id='par_1_4' title="bbox 95 1874 115 1904">
     <span class='ocr_line' id='line_1_4' title="bbox 95 1874 115 1904; baseline 0 0"><span class='ocrx_word' id='word_1_4' title='bbox 95 1874 115 1904; x_wconf 81' lang='lat'>4</span> 
     </span>
    </p>
   </div>
   <div class='ocr_carea' id='block_1_5' title="bbox 522 596 1113 663">
    <p class='ocr_par' dir='ltr' id='par_1_5' title="bbox 522 596 1113 663">
     <span class='ocr_line' id='line_1_5' title="bbox 522 596 1113 663; baseline -0.002 -13"><span class='ocrx_word' id='word_1_5' title='bbox 522 599 583 663; x_wconf 84' lang='lat' dir='ltr'>Q.</span> <span class='ocrx_word' id='word_1_6' title='bbox 619 597 873 651; x_wconf 78' lang='lat' dir='ltr'>CURTI</span> <span class='ocrx_word' id='word_1_7' title='bbox 912 596 1113 650; x_wconf 83' lang='lat' dir='ltr'>RUFI</span> 
     </span>
    </p>
   </div>
   <div class='ocr_carea' id='block_1_6' title="bbox 634 729 1002 768">
    <p class='ocr_par' dir='ltr' id='par_1_6' title="bbox 634 729 1002 768">
     <span class='ocr_line' id='line_1_6' title="bbox 634 729 1002 768; baseline -0.003 0"><span class='ocrx_word' id='word_1_8' title='bbox 634 729 1002 768; x_wconf 83' lang='lat' dir='ltr'>HISTORIARUM</span> 
     </span>
    </p>
   </div>
   <div class='ocr_carea' id='block_1_7' title="bbox 271 858 1370 1042">
    <p class='ocr_par' dir='ltr' id='par_1_7' title="bbox 271 858 1370 1042">
     <span class='ocr_line' id='line_1_7' title="bbox 271 858 1370 924; baseline -0.004 0"><span class='ocrx_word' id='word_1_9' title='bbox 271 859 951 924; x_wconf 84' lang='lat' dir='ltr'>ALEXANDRI</span> <span class='ocrx_word' id='word_1_10' title='bbox 1003 858 1370 922; x_wconf 76' lang='lat' dir='ltr'>MAGNI</span> 
     </span>
     <span class='ocr_line' id='line_1_8' title="bbox 652 998 991 1042; baseline -0.006 0"><span class='ocrx_word' id='word_1_11' title='bbox 652 998 991 1042; x_wconf 81' lang='lat' dir='ltr'>MACEDONIS</span> 
     </span>
    </p>
   </div>
   <div class='ocr_carea' id='block_1_8' title="bbox 713 1141 923 1176">
    <p class='ocr_par' dir='ltr' id='par_1_8' title="bbox 713 1141 923 1176">
     <span class='ocr_line' id='line_1_9' title="bbox 713 1141 923 1176; baseline -0.005 0"><span class='ocrx_word' id='word_1_12' title='bbox 713 1141 852 1176; x_wconf 81' lang='lat' dir='ltr'><strong>LIBER</strong></span> <span class='ocrx_word' id='word_1_13' title='bbox 885 1142 923 1175; x_wconf 69' lang='lat' dir='ltr'>V.</span> 
     </span>
    </p>
   </div>
   <div class='ocr_carea' id='block_1_9' title="bbox 140 1261 1551 2032">
    <p class='ocr_par' dir='ltr' id='par_1_9' title="bbox 140 1261 1550 1734">
     <span class='ocr_line' id='line_1_10' title="bbox 231 1261 1536 1317; baseline -0.004 -12"><span class='ocrx_word' id='word_1_14' title='bbox 231 1263 346 1314; x_wconf 89' lang='lat' dir='ltr'>Quae</span> <span class='ocrx_word' id='word_1_15' title='bbox 385 1265 553 1306; x_wconf 76' lang='lat' dir='ltr'>interim</span> <span class='ocrx_word' id='word_1_16' title='bbox 599 1263 727 1305; x_wconf 80' lang='lat' dir='ltr'>ductu</span> <span class='ocrx_word' id='word_1_17' title='bbox 765 1263 1028 1317; x_wconf 86' lang='lat' dir='ltr'>imperioque</span> <span class='ocrx_word' id='word_1_18' title='bbox 1071 1261 1303 1304; x_wconf 80' lang='lat' dir='ltr'>Alexandri</span> <span class='ocrx_word' id='word_1_19' title='bbox 1347 1262 1412 1303; x_wconf 88' lang='lat' dir='ltr'>vel</span> <span class='ocrx_word' id='word_1_20' title='bbox 1455 1261 1536 1301; x_wconf 88' lang='lat' dir='ltr'>inl</span> 
     </span>
     <span class='ocr_line' id='line_1_11' title="bbox 142 1321 1497 1378; baseline -0.003 -13"><span class='ocrx_word' id='word_1_21' title='bbox 142 1323 310 1366; x_wconf 78' lang='lat' dir='ltr'>Graecis</span> <span class='ocrx_word' id='word_1_22' title='bbox 332 1325 399 1365; x_wconf 85' lang='lat' dir='ltr'>vel</span> <span class='ocrx_word' id='word_1_23' title='bbox 424 1322 584 1378; x_wconf 70' lang='lat' dir='ltr'>Illyriis</span> <span class='ocrx_word' id='word_1_24' title='bbox 612 1337 659 1364; x_wconf 83' lang='lat' dir='ltr'>ae</span> <span class='ocrx_word' id='word_1_25' title='bbox 682 1322 887 1364; x_wconf 83' lang='lat' dir='ltr'>Thraecia</span> <span class='ocrx_word' id='word_1_26' title='bbox 913 1326 1032 1378; x_wconf 83' lang='lat' dir='ltr'>gesta</span> <span class='ocrx_word' id='word_1_27' title='bbox 1059 1325 1169 1375; x_wconf 80' lang='lat' dir='ltr'>sunt,</span> <span class='ocrx_word' id='word_1_28' title='bbox 1196 1322 1231 1362; x_wconf 85' lang='lat' dir='ltr'>si</span> <span class='ocrx_word' id='word_1_29' title='bbox 1258 1321 1344 1363; x_wconf 87' lang='lat' dir='ltr'>suis</span> <span class='ocrx_word' id='word_1_30' title='bbox 1373 1334 1497 1375; x_wconf 87' lang='lat' dir='ltr'>quae-</span> 
     </span>
     <span class='ocr_line' id='line_1_12' title="bbox 142 1381 1497 1438; baseline -0.004 -13"><span class='ocrx_word' id='word_1_31' title='bbox 142 1398 222 1438; x_wconf 91' lang='lat' dir='ltr'>que</span> <span class='ocrx_word' id='word_1_32' title='bbox 261 1383 526 1438; x_wconf 80' lang='lat' dir='ltr'>temporibus</span> <span class='ocrx_word' id='word_1_33' title='bbox 555 1382 730 1424; x_wconf 87' lang='lat' dir='ltr'>reddere</span> <span class='ocrx_word' id='word_1_34' title='bbox 764 1383 956 1436; x_wconf 84' lang='lat' dir='ltr'>voluero,</span> <span class='ocrx_word' id='word_1_35' title='bbox 996 1381 1365 1436; x_wconf 75' lang='lat' dir='ltr'>interrumpendae</span> <span class='ocrx_word' id='word_1_36' title='bbox 1398 1384 1497 1421; x_wconf 86' lang='lat' dir='ltr'>sunt</span> 
     </span>
     <span class='ocr_line' id='line_1_13' title="bbox 141 1439 1497 1497; baseline -0.003 -13"><span class='ocrx_word' id='word_1_37' title='bbox 141 1459 206 1484; x_wconf 89' lang='lat' dir='ltr'>res</span> <span class='ocrx_word' id='word_1_38' title='bbox 249 1442 388 1496; x_wconf 73' lang='lat' dir='ltr'>Asiae,</span> <span class='ocrx_word' id='word_1_39' title='bbox 434 1457 538 1497; x_wconf 87' lang='lat' dir='ltr'>quas</span> <span class='ocrx_word' id='word_1_40' title='bbox 583 1443 732 1496; x_wconf 92' lang='lat' dir='ltr'>utique</span> <span class='ocrx_word' id='word_1_41' title='bbox 777 1442 828 1483; x_wconf 88' lang='lat' dir='ltr'>ad</span> <span class='ocrx_word' id='word_1_42' title='bbox 872 1441 1019 1497; x_wconf 86' lang='lat' dir='ltr'>fugam</span> <span class='ocrx_word' id='word_1_43' title='bbox 1066 1444 1330 1494; x_wconf 87' lang='lat' dir='ltr'>mortemque</span> <span class='ocrx_word' id='word_1_44' title='bbox 1369 1439 1497 1481; x_wconf 88' lang='lat' dir='ltr'>Darei</span> 
     </span>
     <span class='ocr_line' id='line_1_14' title="bbox 142 1498 1550 1556; baseline -0.003 -13"><span class='ocrx_word' id='word_1_45' title='bbox 142 1504 358 1544; x_wconf 81' lang='lat' dir='ltr'>universas</span> <span class='ocrx_word' id='word_1_46' title='bbox 392 1502 437 1542; x_wconf 88' lang='lat' dir='ltr'>in</span> <span class='ocrx_word' id='word_1_47' title='bbox 469 1505 743 1556; x_wconf 78' lang='lat' dir='ltr'>conspectum</span> <span class='ocrx_word' id='word_1_48' title='bbox 779 1501 869 1542; x_wconf 90' lang='lat' dir='ltr'>dari</span> <span class='ocrx_word' id='word_1_49' title='bbox 901 1505 954 1554; x_wconf 86' lang='lat' dir='ltr'>et,</span> <span class='ocrx_word' id='word_1_50' title='bbox 988 1502 1098 1542; x_wconf 82' lang='lat' dir='ltr'>sicut</span> <span class='ocrx_word' id='word_1_51' title='bbox 1130 1501 1239 1541; x_wconf 86' lang='lat' dir='ltr'>inter</span> <span class='ocrx_word' id='word_1_52' title='bbox 1273 1514 1315 1541; x_wconf 86' lang='lat' dir='ltr'>se</span> <span class='ocrx_word' id='word_1_53' title='bbox 1348 1498 1495 1541; x_wconf 84' lang='lat' dir='ltr'>cohae-</span> <span class='ocrx_word' id='word_1_54' title='bbox 1535 1515 1550 1540; x_wconf 91' lang='lat'><strong>5</strong></span> 
     </span>
     <span class='ocr_line' id='line_1_15' title="bbox 141 1558 1494 1616; baseline -0.003 -13"><span class='ocrx_word' id='word_1_55' title='bbox 141 1566 245 1614; x_wconf 89' lang='lat' dir='ltr'>rent,</span> <span class='ocrx_word' id='word_1_56' title='bbox 280 1562 338 1603; x_wconf 84' lang='lat' dir='ltr'>ita</span> <span class='ocrx_word' id='word_1_57' title='bbox 371 1576 497 1616; x_wconf 86' lang='lat' dir='ltr'>opere</span> <span class='ocrx_word' id='word_1_58' title='bbox 531 1562 623 1615; x_wconf 89' lang='lat' dir='ltr'>ipso</span> <span class='ocrx_word' id='word_1_59' title='bbox 652 1561 854 1616; x_wconf 79' lang='lat' dir='ltr'>coniungi</span> <span class='ocrx_word' id='word_1_60' title='bbox 887 1560 1000 1602; x_wconf 89' lang='lat' dir='ltr'>haud</span> <span class='ocrx_word' id='word_1_61' title='bbox 1032 1559 1161 1615; x_wconf 85' lang='lat' dir='ltr'>paulo</span> <span class='ocrx_word' id='word_1_62' title='bbox 1189 1560 1328 1614; x_wconf 87' lang='lat' dir='ltr'>aptius</span> <span class='ocrx_word' id='word_1_63' title='bbox 1362 1558 1494 1599; x_wconf 86' lang='lat' dir='ltr'>videri</span> 
     </span>
     <span class='ocr_line' id='line_1_16' title="bbox 140 1619 1495 1676; baseline -0.002 -14"><span class='ocrx_word' id='word_1_64' title='bbox 140 1625 291 1676; x_wconf 86' lang='lat' dir='ltr'>potest.</span> <span class='ocrx_word' id='word_1_65' title='bbox 364 1620 520 1675; x_wconf 79' lang='lat' dir='ltr'>Igitur,</span> <span class='ocrx_word' id='word_1_66' title='bbox 562 1635 669 1674; x_wconf 88' lang='lat' dir='ltr'>quae</span> <span class='ocrx_word' id='word_1_67' title='bbox 710 1621 874 1675; x_wconf 89' lang='lat' dir='ltr'>proelio</span> <span class='ocrx_word' id='word_1_68' title='bbox 917 1620 1028 1674; x_wconf 88' lang='lat' dir='ltr'>apud</span> <span class='ocrx_word' id='word_1_69' title='bbox 1070 1619 1228 1660; x_wconf 84' lang='lat' dir='ltr'>Arbela</span> <span class='ocrx_word' id='word_1_70' title='bbox 1270 1619 1495 1660; x_wconf 81' lang='lat' dir='ltr'>coniuncta</span> 
     </span>
     <span class='ocr_line' id='line_1_17' title="bbox 142 1680 605 1734; baseline 0 -13"><span class='ocrx_word' id='word_1_71' title='bbox 142 1684 252 1734; x_wconf 83' lang='lat' dir='ltr'>sunt,</span> <span class='ocrx_word' id='word_1_72' title='bbox 285 1681 426 1722; x_wconf 87' lang='lat' dir='ltr'>ordiar</span> <span class='ocrx_word' id='word_1_73' title='bbox 458 1680 605 1721; x_wconf 82' lang='lat' dir='ltr'>dicere.</span> 
     </span>
    </p>

    <p class='ocr_par' dir='ltr' id='par_1_10' title="bbox 143 1736 1551 2032">
     <span class='ocr_line' id='line_1_18' title="bbox 233 1736 1496 1793; baseline -0.003 -12"><span class='ocrx_word' id='word_1_74' title='bbox 233 1740 394 1781; x_wconf 82' lang='lat' dir='ltr'>Dareus</span> <span class='ocrx_word' id='word_1_75' title='bbox 422 1740 560 1781; x_wconf 86' lang='lat' dir='ltr'>media</span> <span class='ocrx_word' id='word_1_76' title='bbox 589 1740 676 1780; x_wconf 85' lang='lat' dir='ltr'>fere</span> <span class='ocrx_word' id='word_1_77' title='bbox 702 1743 826 1780; x_wconf 71' lang='lat' dir='ltr'>noete</span> <span class='ocrx_word' id='word_1_78' title='bbox 853 1739 1011 1780; x_wconf 82' lang='lat' dir='ltr'>Arbela</span> <span class='ocrx_word' id='word_1_79' title='bbox 1038 1741 1299 1793; x_wconf 83' lang='lat' dir='ltr'>pervenerat,</span> <span class='ocrx_word' id='word_1_80' title='bbox 1332 1736 1496 1778; x_wconf 86' lang='lat' dir='ltr'>eodem-</span> 
     </span>
     <span class='ocr_line' id='line_1_19' title="bbox 143 1796 1551 1855; baseline -0.004 -14"><span class='ocrx_word' id='word_1_81' title='bbox 143 1815 223 1854; x_wconf 88' lang='lat' dir='ltr'>que</span> <span class='ocrx_word' id='word_1_82' title='bbox 262 1814 440 1855; x_wconf 80' lang='lat' dir='ltr'>magnae</span> <span class='ocrx_word' id='word_1_83' title='bbox 479 1799 612 1854; x_wconf 84' lang='lat' dir='ltr'>partis</span> <span class='ocrx_word' id='word_1_84' title='bbox 652 1800 885 1841; x_wconf 87' lang='lat' dir='ltr'>amicorum</span> <span class='ocrx_word' id='word_1_85' title='bbox 920 1799 1008 1839; x_wconf 85' lang='lat' dir='ltr'>eius</span> <span class='ocrx_word' id='word_1_86' title='bbox 1051 1812 1097 1839; x_wconf 84' lang='lat' dir='ltr'>ae</span> <span class='ocrx_word' id='word_1_87' title='bbox 1132 1798 1316 1838; x_wconf 88' lang='lat' dir='ltr'>militum</span> <span class='ocrx_word' id='word_1_88' title='bbox 1349 1796 1493 1851; x_wconf 86' lang='lat' dir='ltr'>fugam</span> <span class='ocrx_word' id='word_1_89' title='bbox 1519 1812 1551 1837; x_wconf 89' lang='grc' dir='ltr'>ιο</span> 
     </span>
     <span class='ocr_line' id='line_1_20' title="bbox 143 1854 1496 1913; baseline -0.004 -13"><span class='ocrx_word' id='word_1_90' title='bbox 143 1860 315 1901; x_wconf 87' lang='lat' dir='ltr'>fortuna</span> <span class='ocrx_word' id='word_1_91' title='bbox 353 1858 612 1913; x_wconf 74' lang='lat' dir='ltr'>compulerat.</span> <span class='ocrx_word' id='word_1_92' title='bbox 684 1857 848 1908; x_wconf 86' lang='lat' dir='ltr'>Quibus</span> <span class='ocrx_word' id='word_1_93' title='bbox 889 1858 1130 1899; x_wconf 75' lang='lat' dir='ltr'>convocatis</span> <span class='ocrx_word' id='word_1_94' title='bbox 1170 1856 1347 1910; x_wconf 79' lang='lat' dir='ltr'>exponit</span> <span class='ocrx_word' id='word_1_95' title='bbox 1383 1854 1496 1896; x_wconf 88' lang='lat' dir='ltr'>haud</span> 
     </span>
     <span class='ocr_line' id='line_1_21' title="bbox 145 1915 1496 1971; baseline -0.003 -12"><span class='ocrx_word' id='word_1_96' title='bbox 145 1918 339 1960; x_wconf 87' lang='lat' dir='ltr'>dubitare</span> <span class='ocrx_word' id='word_1_97' title='bbox 373 1933 427 1964; x_wconf 83' lang='lat' dir='ltr'>se,</span> <span class='ocrx_word' id='word_1_98' title='bbox 461 1919 563 1971; x_wconf 86' lang='lat' dir='ltr'>quin</span> <span class='ocrx_word' id='word_1_99' title='bbox 598 1917 840 1959; x_wconf 80' lang='lat' dir='ltr'>Alexander</span> <span class='ocrx_word' id='word_1_100' title='bbox 871 1917 1164 1958; x_wconf 83' lang='lat' dir='ltr'>celeberrimas</span> <span class='ocrx_word' id='word_1_101' title='bbox 1198 1915 1322 1957; x_wconf 87' lang='lat' dir='ltr'>urbes</span> <span class='ocrx_word' id='word_1_102' title='bbox 1355 1929 1496 1970; x_wconf 86' lang='lat' dir='ltr'>agros-</span> 
     </span>
     <span class='ocr_line' id='line_1_22' title="bbox 144 1976 1496 2032; baseline -0.004 -13"><span class='ocrx_word' id='word_1_103' title='bbox 144 1993 225 2032; x_wconf 85' lang='lat' dir='ltr'>que</span> <span class='ocrx_word' id='word_1_104' title='bbox 277 1979 393 2019; x_wconf 89' lang='lat' dir='ltr'>omni</span> <span class='ocrx_word' id='word_1_105' title='bbox 446 1979 567 2031; x_wconf 81' lang='lat' dir='ltr'>copia</span> <span class='ocrx_word' id='word_1_106' title='bbox 620 1992 755 2018; x_wconf 87' lang='lat' dir='ltr'>rerum</span> <span class='ocrx_word' id='word_1_107' title='bbox 807 1976 1071 2018; x_wconf 82' lang='lat' dir='ltr'>abundantes</span> <span class='ocrx_word' id='word_1_108' title='bbox 1091 1976 1326 2030; x_wconf 42' lang='lat' dir='ltr'>‘petiturus</span> <span class='ocrx_word' id='word_1_109' title='bbox 1369 1978 1496 2015; x_wconf 82' lang='lat' dir='ltr'>esset:</span> 
     </span>
    </p>
   </div>
   <div class='ocr_carea' id='block_1_10' title="bbox 142 2113 1498 2403">
    <p class='ocr_par' dir='ltr' id='par_1_11' title="bbox 142 2113 1498 2403">
     <span class='ocr_line' id='line_1_23' title="bbox 239 2113 1498 2164; baseline -0.004 -12"><span class='ocrx_word' id='word_1_110' title='bbox 239 2123 257 2152; x_wconf 77' lang='lat'><strong>2</strong></span> <span class='ocrx_word' id='word_1_111' title='bbox 285 2119 452 2164; x_wconf 78' lang='lat' dir='ltr'>Graecis]</span> <span class='ocrx_word' id='word_1_112' title='bbox 485 2118 610 2164; x_wconf 84' lang='lat' dir='ltr'>graeci</span> <span class='ocrx_word' id='word_1_113' title='bbox 630 2121 655 2150; x_wconf 90' lang='lat' dir='ltr'>P</span> <span class='ocrx_word' id='word_1_114' title='bbox 685 2130 726 2151; x_wconf 85' lang='lat' dir='ltr'>m.</span> <span class='ocrx_word' id='word_1_115' title='bbox 750 2130 807 2162; x_wconf 74' lang='lat' dir='ltr'>pr.</span> <span class='ocrx_word' id='word_1_116' title='bbox 931 2115 1083 2161; x_wconf 70' lang='lat' dir='ltr'>Illyriis]</span> <span class='ocrx_word' id='word_1_117' title='bbox 1110 2114 1233 2149; x_wconf 85' lang='lat' dir='ltr'>illiriis</span> <span class='ocrx_word' id='word_1_118' title='bbox 1259 2118 1301 2154; x_wconf 74' lang='lat' dir='ltr'>L,</span> <span class='ocrx_word' id='word_1_119' title='bbox 1336 2114 1372 2148; x_wconf 89' lang='lat' dir='ltr'>in</span> <span class='ocrx_word' id='word_1_120' title='bbox 1399 2113 1498 2147; x_wconf 90' lang='lat' dir='ltr'>hilli-</span> 
     </span>
     <span class='ocr_line' id='line_1_24' title="bbox 142 2163 1496 2211; baseline -0.004 -11"><span class='ocrx_word' id='word_1_121' title='bbox 142 2167 206 2201; x_wconf 80' lang='lat' dir='ltr'>riis</span> <span class='ocrx_word' id='word_1_122' title='bbox 232 2170 271 2200; x_wconf 84' lang='lat' dir='ltr'>V.</span> <span class='ocrx_word' id='word_1_123' title='bbox 371 2166 566 2211; x_wconf 79' lang='lat' dir='ltr'>Thraecia]</span> <span class='ocrx_word' id='word_1_124' title='bbox 593 2165 733 2199; x_wconf 81' lang='lat' dir='ltr'>thratia</span> <span class='ocrx_word' id='word_1_125' title='bbox 758 2168 784 2198; x_wconf 79' lang='lat' dir='ltr'>L</span> <span class='ocrx_word' id='word_1_126' title='bbox 806 2167 983 2209; x_wconf 71' lang='lat' dir='ltr'>›11.pr.V,</span> <span class='ocrx_word' id='word_1_127' title='bbox 1010 2163 1154 2197; x_wconf 80' lang='lat' dir='ltr'>thracia</span> <span class='ocrx_word' id='word_1_128' title='bbox 1180 2165 1250 2196; x_wconf 80' lang='lat' dir='ltr'>BF.</span> <span class='ocrx_word' id='word_1_129' title='bbox 1364 2166 1384 2195; x_wconf 78' lang='grc' dir='ltr'>ὁ</span> <span class='ocrx_word' id='word_1_130' title='bbox 1412 2172 1496 2196; x_wconf 90' lang='lat' dir='ltr'>con-</span> 
     </span>
     <span class='ocr_line' id='line_1_25' title="bbox 142 2211 1497 2258; baseline -0.004 -10"><span class='ocrx_word' id='word_1_131' title='bbox 142 2216 311 2258; x_wconf 82' lang='lat' dir='ltr'>spectum</span> <span class='ocrx_word' id='word_1_132' title='bbox 339 2215 506 2249; x_wconf 64' lang='lat' dir='ltr'>Medius:</span> <span class='ocrx_word' id='word_1_133' title='bbox 535 2215 737 2257; x_wconf 80' lang='lat' dir='ltr'>conspectu</span> <span class='ocrx_word' id='word_1_134' title='bbox 763 2215 802 2245; x_wconf 76' lang='lat' dir='ltr'>A.</span> <span class='ocrx_word' id='word_1_135' title='bbox 915 2215 934 2245; x_wconf 78' lang='lat'><strong>6</strong></span> <span class='ocrx_word' id='word_1_136' title='bbox 961 2211 1060 2245; x_wconf 86' lang='lat' dir='ltr'>haud</span> <span class='ocrx_word' id='word_1_137' title='bbox 1087 2214 1119 2244; x_wconf 90' lang='lat'>1:</span> <span class='ocrx_word' id='word_1_138' title='bbox 1149 2212 1211 2244; x_wconf 83' lang='lat' dir='ltr'>aut</span> <span class='ocrx_word' id='word_1_139' title='bbox 1239 2213 1277 2243; x_wconf 76' lang='lat' dir='ltr'>A.</span> <span class='ocrx_word' id='word_1_140' title='bbox 1385 2213 1401 2243; x_wconf 70' lang='lat' dir='ltr'>&#39;a&#39;</span> <span class='ocrx_word' id='word_1_141' title='bbox 1431 2211 1497 2242; x_wconf 88' lang='lat' dir='ltr'>Ar-</span> 
     </span>
     <span class='ocr_line' id='line_1_26' title="bbox 143 2256 1498 2307; baseline -0.004 -12"><span class='ocrx_word' id='word_1_142' title='bbox 143 2261 243 2307; x_wconf 65' lang='lat' dir='ltr'>bela]</span> <span class='ocrx_word' id='word_1_143' title='bbox 270 2262 422 2296; x_wconf 82' lang='lat' dir='ltr'>harbela</span> <span class='ocrx_word' id='word_1_144' title='bbox 449 2264 588 2294; x_wconf 84' lang='lat' dir='ltr'>FLPV.</span> <span class='ocrx_word' id='word_1_145' title='bbox 669 2264 689 2293; x_wconf 87' lang='grc'><strong>9</strong></span> <span class='ocrx_word' id='word_1_146' title='bbox 718 2259 868 2305; x_wconf 76' lang='lat' dir='ltr'>Arbela]</span> <span class='ocrx_word' id='word_1_147' title='bbox 895 2258 1085 2293; x_wconf 84' lang='lat' dir='ltr'>harbelam</span> <span class='ocrx_word' id='word_1_148' title='bbox 1114 2262 1145 2291; x_wconf 90' lang='lat' dir='ltr'>c.</span> <span class='ocrx_word' id='word_1_149' title='bbox 1236 2261 1276 2291; x_wconf 76' lang='lat'>1⁶2</span> <span class='ocrx_word' id='word_1_150' title='bbox 1304 2256 1498 2291; x_wconf 83' lang='lat' dir='ltr'>celeberri-</span> 
     </span>
     <span class='ocr_line' id='line_1_27' title="bbox 143 2304 1496 2355; baseline -0.004 -12"><span class='ocrx_word' id='word_1_151' title='bbox 143 2311 236 2355; x_wconf 68' lang='lat' dir='ltr'>mas!</span> <span class='ocrx_word' id='word_1_152' title='bbox 271 2309 520 2344; x_wconf 75' lang='lat' dir='ltr'>eeliberrimas</span> <span class='ocrx_word' id='word_1_153' title='bbox 554 2311 578 2341; x_wconf 86' lang='lat' dir='ltr'>P</span> <span class='ocrx_word' id='word_1_154' title='bbox 607 2321 648 2341; x_wconf 85' lang='lat' dir='ltr'>m.</span> <span class='ocrx_word' id='word_1_155' title='bbox 674 2320 729 2352; x_wconf 70' lang='lat' dir='ltr'>pr.</span> <span class='ocrx_word' id='word_1_156' title='bbox 880 2312 920 2341; x_wconf 89' lang='lat'>13</span> <span class='ocrx_word' id='word_1_157' title='bbox 948 2306 1198 2350; x_wconf 74' lang='lat' dir='ltr'>abundantes}</span> <span class='ocrx_word' id='word_1_158' title='bbox 1236 2304 1496 2339; x_wconf 79' lang='lat' dir='ltr'>habundantes</span> 
     </span>
     <span class='ocr_line' id='line_1_28' title="bbox 143 2357 592 2403; baseline -0.007 -12"><span class='ocrx_word' id='word_1_159' title='bbox 143 2361 214 2391; x_wconf 81' lang='lat' dir='ltr'>PV.</span> <span class='ocrx_word' id='word_1_160' title='bbox 315 2357 427 2403; x_wconf 74' lang='lat' dir='ltr'>esset]</span> <span class='ocrx_word' id='word_1_161' title='bbox 455 2367 533 2391; x_wconf 71' lang='lat' dir='ltr'>esse</span> <span class='ocrx_word' id='word_1_162' title='bbox 561 2359 592 2389; x_wconf 89' lang='lat' dir='ltr'>C.</span> 
     </span>
    </p>
   </div>
  </div>
 </body>
</html>
