1610 2522
8 225 57 260 28

45 476 58 501 5

1289 38 1312 62 ἦ

338 111 671 146 HISTORIARUM
699 110 982 144 ALEXANDRI
1008 109 1120 153 VIIII,
1150 114 1178 143 7.
1350 110 1435 151 335

170 220 345 263 Interim
392 235 535 275 regem
580 220 759 260 duarum
804 220 1015 275 gentium,
1060 219 1110 260 de
1149 218 1304 272 quibus
1338 221 1435 259 ante
1464 228 1506 258 12

80 281 241 322 dictum
275 283 350 333 est,
383 291 407 321 c
441 279 569 333 legati
605 279 770 320 adeunt.
826 277 983 320 Omnes
1016 292 1140 319 curru
1174 277 1437 319 vehebantur

80 340 236 381 eximia
280 339 574 395 magnitudine
618 352 862 392 corporum,
907 338 1058 379 decoro
1091 337 1258 378 habitu:
1300 337 1437 378 lineae

80 402 218 440 vestes
259 400 421 440 intexto
464 413 567 439 auro
601 412 874 452 purpuraque
908 397 1144 438 distinctae.
1208 397 1261 438 Ei
1294 411 1337 437 se
1370 397 1437 437 de-
1466 405 1508 436 13

81 459 177 500 dere
210 460 344 513 ipsos,
377 457 501 498 urbes
535 472 744 512 agrosque
776 456 1033 511 referebant,
1073 471 1149 510 per
1181 459 1247 497 tot
1278 458 1437 497 aetates

80 517 327 559 inviolatam
372 517 614 558 libertatem
661 517 776 558 illius
820 517 1006 570 primum
1050 516 1148 557 fidei
1194 516 1436 569 dicionique

81 578 379 631 permissuros:
414 576 511 617 deos
539 576 620 616 sibi
648 576 875 616 deditionis
902 578 1107 630 auctores,
1139 590 1225 616 non
1253 577 1435 616 metum:

81 638 241 691 quippe
282 636 451 677 intactis
489 636 651 676 viribus
684 635 832 690 iugum
866 636 1068 689 excipere.
1132 635 1223 676 Rex
1256 634 1435 676 consilio
1465 643 1508 673 14

80 696 226 737 habito
255 695 419 736 deditos
446 695 490 736 in
516 695 641 736 fidem
670 695 833 748 accepit
860 694 1084 748 stipendio,
1115 695 1228 748 quod
1249 693 1436 735 Aracho-

28 774 61 798 ιο
82 756 154 796 siis
195 758 374 808 utraque
417 755 534 795 natio
579 754 839 808 pensitabat,
892 755 1097 808 inposito:
1142 757 1361 807 praeterea
1404 765 1436 794 ΙΙ

82 815 199 855 inilia
237 817 278 855 et
310 826 340 854 D
375 814 537 867 equites
580 815 773 867 imperat.
836 813 894 854 Et
934 814 1076 854 omnia
1109 813 1382 854 oboedienter
1415 828 1438 852 a

84 874 273 915 barbaris
305 873 428 914 facta.
483 872 679 913 Invitatis
713 872 862 913 deinde
895 873 946 913 ad
979 872 1128 927 epulas
1161 872 1312 928 legatis
1339 887 1438 928 gen·
1466 880 1508 910 15

82 935 190 974 tium
234 933 477 988 regulisque
522 933 717 973 exornari
763 932 1007 974 convivium
1052 932 1187 972 iussit.
1265 943 1289 973 C
1323 931 1437 972 aurei

81 993 180 1034 lecti
220 992 399 1033 modicis
439 992 674 1033 intervallis
709 992 840 1045 positi
874 995 1010 1045 erant,
1055 991 1176 1033 lectis
1210 991 1438 1032 circumde-

29 1070 62 1095 15
83 1052 203 1093 derat
235 1051 381 1092 aulaea
412 1066 601 1106 purpura
633 1065 820 1104 auroque
853 1051 1081 1106 fulgentia,
1126 1051 1334 1105 quidquid
1367 1054 1439 1091 aut

84 1111 195 1166 apud
221 1110 371 1151 Persas
404 1113 544 1151 vetere
576 1112 679 1151 luxu
712 1113 785 1151 aut
818 1110 928 1164 apud
956 1110 1210 1152 Macedonas
1237 1124 1348 1151 nova
1380 1110 1439 1150 in-

83 1170 320 1211 mutatione
366 1172 612 1224 corruptum
655 1173 761 1223 erat,
807 1170 997 1211 confusis
1038 1170 1261 1223 utriusque
1301 1169 1440 1224 gentis

13 1234 63 1269 29
83 1230 198 1271 vitiis
231 1231 276 1270 in
308 1230 382 1270 illo
416 1230 610 1270 convivio
644 1229 881 1270 ostendens.
932 1229 1143 1270 Intererat
1175 1229 1312 1283 epulis
1340 1228 1439 1269 Dio·
1468 1236 1510 1267 16

83 1290 240 1344 xippus
274 1288 565 1343 Atheniensis,
610 1289 731 1343 pugil
769 1288 925 1329 nobilis
965 1291 1007 1329 et
1040 1289 1093 1329 ob
1127 1289 1324 1329 eximiam
1360 1289 1440 1328 vir-

31 1368 64 1392 20
84 1352 219 1390 tutem
257 1348 413 1388 virium
456 1348 538 1388 iam
572 1350 613 1388 et
645 1349 736 1403 regi
769 1351 973 1402 pernotus
1006 1351 1047 1388 et
1081 1351 1238 1403 gratus.
1301 1346 1440 1388 Invidi

32 1663 64 1688 2⁵

84 1408 346 1463 malignique
391 1407 668 1461 increpabant
713 1422 789 1460 per
834 1408 942 1448 seria
987 1410 1027 1448 et
1064 1407 1212 1448 ludum
1256 1407 1440 1461 saginati

85 1467 274 1521 corporis
302 1466 421 1520 sequi
449 1466 644 1508 inutilem
671 1466 858 1507 beluam:
891 1481 985 1507 cum
1014 1467 1097 1521 ipsi
1124 1466 1335 1520 proelium
1364 1467 1440 1506 ini-

85 1530 190 1580 rent,
216 1527 309 1567 oleo
336 1526 577 1566 madentem
604 1541 853 1580 praeparare
879 1529 1070 1567 ventrem
1097 1526 1247 1580 epulis.
1280 1525 1440 1566 Eadem
1474 1533 1511 1564 17

85 1586 218 1641 igitur
249 1585 293 1625 in
326 1585 520 1626 convivio
555 1585 751 1626 Corratas
776 1584 950 1626 Macedo
977 1586 1061 1626 iam
1088 1586 1347 1626 temulentus
1373 1599 1441 1625 ex-

89 1644 291 1698 probrare
319 1644 354 1685 ei
382 1645 522 1698 coepit
548 1647 589 1685 et
615 1644 844 1698 postulare,
877 1648 936 1697 ut,
967 1645 1002 1685 si
1029 1646 1094 1686 vir
1121 1647 1242 1698 esset,
1269 1647 1440 1699 postero

87 1704 153 1745 die
185 1718 326 1745 secum
358 1704 469 1744 ferro
503 1704 761 1744 decerneret:
802 1718 945 1759 regem
979 1704 1150 1745 tandem
1183 1705 1251 1744 vel
1284 1704 1333 1744 de
1367 1718 1441 1744 sua

87 1763 324 1804 temeritate
369 1762 435 1802 vel
480 1763 528 1803 de
573 1763 689 1805 illius
735 1763 907 1818 ignavia
951 1764 1247 1804 iudicaturum.
1323 1762 1380 1804 Et
1419 1777 1441 1802 a
1470 1770 1512 1801 18

86 1822 302 1876 Dioxippo
343 1823 621 1876 contemptim
653 1822 883 1863 militarem
917 1823 1113 1864 eludente
1145 1823 1345 1863 ferociam
1379 1836 1442 1863 ac-

183 1942 202 1972 2
230 1938 360 1984 legati]
389 1938 498 1982 ligati
524 1942 560 1973 P.
659 1943 679 1972 4
707 1949 744 1973 se
772 1939 921 1984 dedere]
949 1939 1076 1973 sedere
1104 1943 1139 1972 P.
1241 1943 1260 1973 6
1289 1938 1443 1972 dicioni-

88 1986 172 2031 que]
200 1985 408 2029 ditionique
429 1989 454 2018 13
477 1998 517 2019 m.
535 1997 592 2029 pr.
614 1990 687 2020 FV.
765 1990 782 2020 7
810 1986 1053 2030 permissuros
1079 1990 1113 2020 1:
1140 1986 1384 2030 permissoros
1405 1990 1442 2028 P,

87 2033 310 2078 permisuros
338 2036 370 2066 G.
453 2038 496 2066 10
523 2033 641 2079 natio]
668 2034 775 2068 nacio
803 2037 838 2066 P.
920 2047 945 2067 11
972 2033 1093 2080 milia]
1121 2047 1147 2067 11
1175 2039 1206 2067 C.
1286 2037 1326 2067 12
1354 2044 1443 2078 gen-

88 2080 195 2126 tium]
223 2092 295 2125 gen
320 2083 346 2113 B
366 2092 410 2115 m.
427 2092 485 2126 pr.
620 2085 661 2114 15
689 2081 835 2127 aulaea]
863 2080 949 2115 aula
974 2085 1009 2115 P.
1137 2081 1215 2126 aut]
1243 2081 1343 2114 haud
1369 2084 1442 2114 Fv.

91 2132 133 2162 16
161 2128 238 2173 aut]
266 2128 365 2162 haud
392 2131 431 2162 V.
509 2132 551 2162 18
578 2128 693 2174 vitiis]
714 2129 823 2163 uiciis
843 2132 882 2162 V.
958 2128 1092 2174 epulis]
1121 2128 1250 2173 epulas
1277 2132 1302 2161 P
1322 2140 1366 2162 m.
1385 2139 1442 2172 pr.

92 2178 134 2208 19
162 2175 414 2221 Atheniensis]
437 2176 638 2209 ateniensis
665 2179 704 2209 V.
783 2180 827 2210 20
848 2177 886 2210 et
904 2176 984 2220 regi
1003 2177 1150 2221 Slanylz
1178 2187 1200 2210 a
1220 2186 1307 2220 rege
1332 2179 1372 2209 A.

89 2223 233 2269 gratus]
260 2224 388 2267 gratur
413 2226 452 2256 V.
539 2227 582 2256 23
604 2223 842 2269 praeparare]
863 2224 1096 2267 praeparerit
1116 2227 1156 2258 V.
1243 2223 1384 2257 Eadem
1410 2226 1442 2256 1:

90 2269 220 2304 eodem
239 2273 278 2302 A.
395 2274 438 2304 24
466 2269 636 2304 Corratas
662 2272 809 2315 scripsi:
837 2271 1006 2305 horratas
1028 2275 1066 2304 A.
1192 2275 1234 2304 25
1257 2270 1304 2315 ei]
1333 2270 1392 2314 egi
1418 2273 1444 2303 F

92 2330 133 2350 m.
152 2328 208 2360 pr.
229 2320 268 2358 V,
294 2317 373 2361 regi
402 2321 437 2350 P.
567 2318 702 2363 coepit]
737 2317 838 2362 cepit
862 2322 898 2352 P.
1028 2321 1071 2352 28
1098 2318 1314 2363 militarem]
1347 2316 1442 2350 mili-

90 2367 169 2398 tare
195 2368 231 2397 P.
331 2363 503 2398 eludente
529 2365 665 2400 Aldus:
694 2365 905 2399 eludentem
931 2368 970 2398 A.
