1610 2522
83 309 101 336 S)

60 488 101 516 1⁴>

60 726 94 753 11

59 963 98 992 12

56 1321 97 1350 13

56 1500 97 1529 14

132 126 217 167 228
637 130 675 168 Q.
705 125 848 160 CURTI
874 125 986 159 RUFI

132 237 271 291 prium
313 235 502 276 officium
543 240 633 276 tum
675 236 966 290 potissimum,
1012 250 1105 275 cum
1139 250 1212 276 rex
1255 236 1484 290 gestandus

130 299 251 346 esset,
285 294 582 349 querebantur.
634 295 723 336 Rex
760 295 801 335 in
834 297 953 335 tanto
987 294 1208 348 utriusque
1235 296 1366 348 partis
1401 309 1484 337 cer-

129 356 287 396 tamine
322 357 363 395 et
395 354 477 395 sibi
511 354 728 396 difficilem
763 357 803 394 et
837 353 1079 407 praeteritis
1113 368 1283 409 gravem
1318 355 1486 396 electio-

130 430 224 456 nem
259 415 445 455 futuram
480 417 596 455 ratus
631 414 811 455 invicem
846 413 987 454 subire
1021 427 1092 454 eos
1126 414 1260 455 iussit.

220 473 329 514 Hinc
373 476 524 526 quarto
568 474 633 514 die
673 473 723 514 ad
763 473 907 514 urbem
943 472 1196 514 Maracanda
1234 476 1482 527 perventum
1505 476 1555 512 26

129 538 210 575 est:
246 545 339 574 Lxx
372 533 510 574 stadia
542 547 688 574 murus
722 533 840 574 urbis
870 533 1153 587 amplectitur,
1185 547 1259 573 arx
1283 533 1365 573 alio
1399 533 1482 574 cin-
1522 551 1536 575 e

128 594 244 649 gitur
284 607 417 633 muro.
490 592 607 633 Mille
646 591 855 647 praesidio
902 592 1020 633 urbis
1061 592 1218 633 relictis
1263 593 1482 647 proximos

131 653 244 694 vicos
278 652 562 706 depopulatur
595 655 721 706 atque
755 653 852 693 urit.

216 712 367 767 Legati
417 711 566 753 deinde
611 711 822 753 Abiorum
866 710 1121 765 Scytharum
1167 711 1483 766 superveniunt,

128 772 262 825 liberi,
296 786 346 812 ex
380 785 464 824 quo
499 771 734 813 decesserat
769 770 921 826 Cyrus,
953 774 1042 812 tum
1078 771 1285 825 imperata
1316 770 1482 812 facturi.
1504 789 1537 814 10

127 830 390 872 Iustissimos
429 830 705 873 barbarorum
746 831 993 872 constabat:
1038 831 1168 872 armis
1213 830 1484 872 abstinebant

128 892 208 931 nisi
241 890 444 944 lacessiti,
485 888 904 946 libertatis‘gmodioo
945 893 985 930 et
1018 890 1183 944 aequali
1218 905 1297 931 usu
1329 890 1482 944 princi-

127 951 254 1005 pibus
294 950 546 992 humiliores
585 964 706 1004 pares
748 949 947 991 fecerant.
1011 948 1102 990 Hos
1146 950 1327 1005 benigne
1369 949 1482 990 adlo-

125 1015 250 1052 cutus
284 1010 335 1051 ad
367 1024 437 1050 eos
472 1009 670 1064 Scythas,
705 1009 777 1063 qui
812 1009 1027 1063 Europam
1062 1009 1264 1062 incolunt,
1298 1008 1480 1050 Derdam

126 1070 335 1123 quendam
368 1069 486 1110 misit
519 1084 568 1110 ex
603 1069 768 1122 amicis,
806 1069 877 1122 qui
912 1069 1180 1110 denuntiaret
1211 1068 1290 1122 his,
1322 1084 1373 1109 ne
1406 1068 1482 1110 Ta·
1504 1086 1535 1111 15

126 1131 225 1170 nain
258 1144 424 1170 amnem
454 1127 676 1184 [regionis]
706 1129 867 1170 iniussu
900 1128 1012 1184 regis
1044 1128 1284 1169 transirent.
1330 1128 1479 1170 Eidem

125 1189 389 1241 mandatum,
428 1192 476 1229 ut
520 1189 880 1242 contemplaretur
919 1188 1107 1229 locorum
1148 1188 1276 1229 situm
1312 1190 1353 1228 et
1385 1188 1481 1229 illos

126 1264 295 1303 quoque
329 1247 522 1302 Βαγώας,
556 1247 628 1302 qui
662 1262 788 1302 super
820 1247 1091 1302 Bosphorum
1125 1247 1282 1299 colunt,
1316 1248 1480 1289 viseret.

127 1308 378 1349 Condendae
418 1308 513 1349 urbi
559 1307 698 1348 sedem
739 1322 866 1361 super
902 1308 1037 1361 ripam
1081 1306 1235 1348 Tanais
1286 1308 1481 1362 elegerat,

124 1369 355 1409 claustrum
391 1371 432 1408 et
465 1367 548 1408 iam
581 1367 921 1421 perdomitorum
955 1370 1012 1420 et,
1047 1369 1151 1420 quot
1184 1366 1332 1407 deinde
1365 1366 1479 1407 adire
1501 1384 1535 1408 ρο

125 1428 382 1468 decreverat:
428 1427 499 1467 sed
542 1426 766 1469 consilium
808 1426 975 1467 distulit
1015 1424 1326 1481 Sogdianorum
1377 1440 1481 1467 nun-

125 1488 231 1528 tiata
266 1487 460 1540 defectio,
493 1500 599 1540 quae
636 1486 883 1527 Bactrianos
918 1500 1087 1540 quoque
1120 1486 1261 1526 traxit.
1307 1497 1373 1525 vn
1406 1486 1479 1526 mi-

123 1547 181 1587 lia
213 1547 404 1601 equitum
438 1548 575 1599 erant,
618 1561 798 1599 quorum
838 1545 1135 1587 auctoritatem
1175 1545 1303 1587 ceteri
1337 1559 1479 1599 seque-

124 1606 289 1647 bantur.
353 1605 594 1647 Alexander
628 1604 902 1660 Spitamenen
941 1608 983 1645 et
1017 1605 1221 1658 Catanen,
1263 1620 1286 1645 a
1326 1605 1479 1659 quibus

124 1666 160 1706 ei
194 1666 377 1707 traditus
405 1668 493 1706 erat
515 1665 682 1717 Bessus,
714 1664 827 1706 haud
855 1664 1021 1717 dubius,
1054 1665 1157 1718 quin
1185 1679 1330 1705 eorum
1352 1678 1479 1718 opera
1500 1681 1532 1706 25

220 1776 235 1804 1
265 1770 485 1815 gestandus]
514 1770 704 1804 iestandus
725 1774 760 1804 P.
861 1774 880 1802 5
908 1769 1133 1804 Maracanda
1155 1770 1374 1804 frobenius:
1402 1779 1479 1802 ma-

123 1820 282 1862 rupenta
302 1822 340 1851 A.
448 1822 467 1851 6
495 1817 568 1851 alio
596 1818 791 1852 Heinsius:
820 1817 924 1852 illinc
951 1820 988 1851 A.
1097 1821 1113 1850 7
1142 1816 1244 1851 Mille
1273 1817 1476 1852 Bentleius:

123 1878 165 1899 ac
192 1870 231 1900 A.
388 1865 543 1911 relictis]
580 1865 728 1899 relictos
755 1869 835 1908 FV,
871 1865 1000 1899 relicto
1027 1868 1096 1898 BL.
1248 1868 1267 1897 9
1300 1863 1476 1898 Abiorum

124 1915 412 1949 1⁴'reinshemiusz
442 1912 610 1947 aulorum
632 1916 670 1946 A.
772 1913 992 1957 Scytharum
1019 1916 1051 1946 1:
1080 1912 1283 1946 scitharum
1304 1915 1380 1953 BF,
1409 1911 1477 1945 sci-

122 1963 244 1995 tarum
272 1965 307 2002 L,
337 1960 576 2003 schytharum
604 1964 640 2001 P,
669 1960 854 1994 citharum
880 1964 918 1994 V.
1033 1964 1074 1994 12
1103 1959 1350 2004 principibus]
1377 1959 1477 2003 prin-

123 2009 226 2043 cibus
254 2013 289 2042 F.
416 2012 457 2042 13
484 2019 592 2052 pares
626 2008 807 2053 fecerant]
841 2009 1008 2041 fecerunt
1035 2012 1066 2041 C.
1191 2012 1234 2041 14
1262 2006 1417 2050 Scythas
1443 2010 1475 2040 1:

123 2056 262 2090 scithas
289 2060 367 2097 Fv,
396 2056 572 2099 schythas
601 2059 635 2092 P.
665 2056 829 2090 schithas
856 2058 926 2089 BL.
1026 2055 1186 2089 Derdam
1215 2056 1360 2098 scripsi:
1388 2065 1477 2098 pen-

123 2104 206 2137 dam
229 2108 268 2137 A.
372 2108 412 2137 15
440 2103 582 2137 Tanain
609 2107 650 2137 P:
679 2104 819 2137 tanaim
843 2107 873 2136 C.
977 2106 1017 2136 16
1045 2102 1240 2148 [regionis]
1265 2103 1329 2137 del.
1362 2103 1476 2147 Voyel.

124 2155 165 2184 18
194 2151 367 2197 Scythas]
390 2151 528 2185 scithas
550 2156 581 2184 C.
657 2150 888 2195 Bosphorum
911 2150 1037 2185 colunt
1058 2150 1270 2184 Acidalia-⁸¹:
1291 2150 1476 2194 bosphoro

122 2199 290 2233 incolunt
316 2203 359 2241 P,
393 2199 537 2233 bosforo
566 2197 733 2232 incolunt
759 2203 791 2232 c.
942 2202 982 2232 19
1012 2198 1108 2243 urbi]
1136 2198 1238 2231 urbis
1265 2200 1403 2231 BLPV.

122 2245 302 2291 elegerat]
331 2246 485 2288 eligeret
506 2251 537 2280 C.
615 2250 658 2278 20
686 2249 776 2289 quot
795 2247 941 2290 scrtpsi:
971 2246 1068 2290 quod
1094 2249 1132 2278 A.
1209 2249 1251 2278 22
1278 2258 1329 2278 vu
1355 2244 1476 2290 milia]

122 2307 172 2328 vn
199 2294 303 2328 milia
323 2298 394 2327 BF.
484 2298 526 2328 24
555 2293 794 2337 Spitamenen
815 2294 1130 2339 S›2al.·eub11r92'u.s·:
1159 2293 1344 2337 spitamen
1365 2295 1403 2326 A.

123 2344 286 2375 Catanen
304 2342 503 2376 Kinchins:
526 2344 681 2375 catenen
696 2345 725 2374 A
740 2342 923 2386 [catenem
936 2342 988 2386 F].
1053 2345 1096 2375 25
1112 2341 1145 2374 ei
1160 2340 1321 2374 traditus
1335 2340 1474 2374 Laner:

122 2394 156 2423 et
185 2389 345 2423 traditus
373 2395 393 2422 C
421 2389 598 2434 {traditus
625 2392 651 2421 F
673 2402 715 2423 m.
735 2389 820 2434 prl.
848 2391 883 2422 et
910 2389 1052 2423 raditus
1078 2392 1113 2422 P.
1201 2388 1317 2433 haud]
1345 2390 1409 2422 aut
1435 2391 1474 2421 V.
