1610 2522
134 87 218 129 366
640 88 679 130 Q.
708 88 852 124 CURTI
878 89 991 124 RUFI

134 197 240 238 Inde
272 196 533 249 Bassistanen
573 198 782 250 inyressus
821 201 893 249 est,
934 199 1139 251 reqionem
1183 199 1416 252 opulentam
1457 204 1492 242 et

133 256 412 297 abundantem
450 257 645 298 arborum
685 270 853 298 amoeno
894 260 930 298 et
958 259 1130 310 fecundo
1159 259 1246 311 fetu
1278 260 1493 312 ceterisque

132 316 191 356 ad
232 317 340 357 vitae
381 330 464 357 non
507 329 629 357 usum
674 317 808 367 modo,
849 330 989 358 verum
1028 318 1152 359 etiam
1190 318 1492 361 delectationem

123 375 436 427 pertinentibus.
527 375 683 417 Gravis
731 377 839 417 inter
887 376 985 417 hacc
1033 377 1218 419 Eumeni
1266 391 1356 419 cum
1407 378 1492 419 He-

122 434 364 488 phaestione
400 435 592 477 simultas
626 436 840 477 inciderat.
915 436 1031 477 Nam
1073 450 1207 479 servos
1238 437 1443 479 Eumenis
1473 451 1494 479 e

131 494 369 544 deversorio,
401 495 511 547 quod
528 509 608 547 pro
628 495 793 536 (lomina
813 508 886 536 suo
911 500 1216 549 occupaverant,
1243 496 1491 549 Hephaestio

123 554 397 606 proturbavit,
423 557 466 594 ut
494 554 632 595 Euius
658 554 803 595 tibicen
829 568 872 595 eo
896 556 1151 608 reciperetur.
1202 556 1343 609 Neque
1367 556 1493 598 multo

123 617 229 665 post,
262 626 349 654 cum
385 615 470 654 iam
505 615 639 666 sopita
671 615 767 655 odia
799 614 1044 665 riderentur,
1078 629 1183 656 nova
1213 619 1303 656 orta
1335 619 1492 657 conten-

131 674 239 714 tione
277 673 377 714 adeo
415 673 727 719 recruduerunt,
771 677 815 714 ut
853 675 975 715 etiam
1016 676 1063 715 in
1094 678 1212 716 atrox
1245 675 1427 727 iurqium
1458 678 1495 716 et

131 733 277 773 acerba
307 733 513 785 utrimque
545 734 727 774 convicia
752 737 1077 786 prorumperent.
1140 733 1224 775 Sed
1254 734 1493 776 Alexandri

131 792 414 833 intercessione
439 793 690 846 imperioque
714 793 963 834 inimicitiae
983 793 1129 835 saltem
1155 794 1202 834 in
1226 794 1396 846 speciem
1423 794 1493 835 ab·

131 851 255 892 olitae
291 855 402 902 sunt,
445 865 536 893 cum
574 852 644 893 ille
673 852 972 904 Hephaestioni
1010 854 1132 894 etiam
1167 853 1352 895 minatus
1383 857 1492 907 esset,

131 912 202 963 qui
233 912 278 951 in
310 924 476 952 summa
506 912 615 964 reqis
643 913 785 964 qratia
815 912 1042 953 Eumenem
1074 913 1264 965 quamvis
1296 913 1492 966 cupidum

131 971 478 1012 reconciliationis
501 972 764 1024 pertinacius
795 971 1074 1012 aversabatur.

224 1029 469 1072 Percentmn
498 1031 643 1071 deinde
667 1034 725 1072 est
749 1032 796 1072 in
816 1031 990 1072 Mediae
1015 1044 1190 1085 campos,
1219 1031 1290 1072 ubi
1315 1032 1495 1073 maximi

131 1103 322 1142 equorum
365 1103 504 1143 qreqes
548 1090 786 1131 alebantur:
839 1090 1017 1131 Nisaeos
1061 1090 1287 1143 appellant,
1332 1091 1494 1144 maqni-

131 1149 273 1190 tudine
311 1153 345 1190 et
381 1150 510 1202 specie
547 1150 739 1201 insiqnes.
803 1149 910 1191 Plus
943 1151 1247 1203 quinquaqinta
1280 1150 1401 1192 milia
1432 1150 1493 1192 ibi

130 1212 291 1261 reperta
316 1222 409 1259 esse,
436 1222 526 1250 cum
551 1209 791 1250 Alexander
816 1223 858 1250 eo
884 1211 1090 1260 transiret,
1116 1224 1142 1250 a
1168 1210 1382 1251 comitibus
1405 1211 1494 1251 eius

132 1269 372 1309 adnotatum
407 1272 484 1310 est:
517 1269 613 1310 olim
649 1268 846 1321 triplicem
875 1283 1090 1310 numerum
1116 1270 1256 1321 fuisse,
1288 1269 1360 1310 sed
1386 1271 1494 1310 inter

132 1328 326 1369 bellorum
372 1328 512 1370 turbas
544 1329 775 1369 maximam
809 1342 944 1370 eorum
974 1333 1134 1381 partem
1161 1329 1394 1381 praedones
1425 1329 1495 1370 ab·

133 1389 268 1439 eqisse.
320 1387 392 1428 Ad
423 1389 596 1441 triqinta
628 1389 714 1429 dies
745 1387 804 1428 ibi
833 1388 1012 1429 substitit
1039 1401 1122 1430 rex.
1172 1388 1239 1429 Eo
1265 1390 1495 1441 Atropates‚

131 1447 305 1488 sslediae
329 1450 526 1500 satrapes,
552 1450 710 1488 centum
737 1447 939 1489 barbaras
966 1447 1154 1489 mulieres
1179 1448 1359 1488 adduxit
1383 1449 1493 1500 equi-

132 1507 252 1547 tandi
286 1508 445 1558 peritas
475 1507 676 1559 peltisque
711 1510 749 1548 et
783 1508 990 1548 securibus
1021 1510 1224 1548 armatas:
1264 1507 1374 1548 unde
1404 1508 1495 1559 qui-

132 1567 226 1606 dam
274 1567 532 1607 crediderunt
573 1566 837 1608 Amazonum
878 1581 926 1608 ez·
964 1570 1079 1619 qente
1117 1566 1317 1618 reliquias
1353 1567 1494 1618 fuisse.

133 1625 329 1677 Septimis
355 1626 500 1667 deinde
525 1627 673 1667 castris
693 1625 923 1677 Ecbatana,
951 1626 1124 1667 IVIediae
1143 1629 1274 1678 caput,
1296 1626 1493 1678 pervenit.

132 1685 203 1726 Ibi
233 1684 447 1726 sollemnia
488 1686 555 1727 dis
590 1686 800 1738 sacrificia
829 1686 926 1738 fecit
957 1685 1150 1737 ludosque
1179 1686 1308 1726 edidit
1337 1689 1374 1726 et
1403 1698 1491 1726 con-

131 1745 255 1785 viviis
277 1745 470 1796 festisque
502 1745 643 1786 cliclms
669 1745 829 1786 laxavit
854 1747 1056 1795 animum,
1088 1748 1133 1785 ut
1158 1745 1216 1785 ad
1239 1757 1345 1785 nova
1370 1758 1494 1796 opera

132 1804 314 1845 validior
352 1808 458 1845 esset.
534 1804 618 1845 Sed
653 1805 735 1845 ista
771 1804 989 1846 volventem
1031 1805 1138 1845 velut
1176 1805 1326 1844 iniecta
1364 1817 1495 1845 manu

129 1864 266 1915 fatum
317 1863 401 1904 alio
456 1865 584 1904 traxit
627 1865 835 1915 vitamque
877 1865 1092 1905 carissimo
1137 1864 1363 1904 amicorum
1408 1864 1495 1904 eius

131 1936 257 1974 neque
298 1922 423 1963 multo
458 1927 553 1975 post
590 1924 672 1975 issi
709 1937 863 1975 quoque
898 1924 985 1976 reqi
1023 1924 1184 1975 eripuit.
1254 1922 1410 1963 Pueros
1447 1924 1494 1962 in

130 1983 265 2023 stadio
292 1986 488 2023 certantes
513 1982 727 2035 spectabat,
754 1996 845 2023 cum
872 1983 1111 2023 nuntiatum
1137 1985 1193 2022 est
1218 1982 1385 2034 deficere
1409 1981 1495 2021 He-

129 2042 424 2094 phaestionem,
469 2043 540 2094 qui
577 2055 625 2082 ex
663 2042 836 2094 crapula>
867 2043 1084 2091 septimum
1119 2042 1203 2082 iam
1237 2042 1344 2082 diem
1377 2054 1495 2094 aeqer

132 2101 313 2141 cubabat.
381 2101 619 2142 Exterritus
663 2102 789 2142 amici
825 2101 1010 2154 periculo
1053 2101 1193 2142 statim
1238 2101 1418 2142 surrexit
1457 2103 1495 2141 et

134 2162 189 2201 ad
233 2160 454 2212 hospitium
501 2162 586 2202 eius
631 2160 810 2202 celeriter
852 2174 893 2202 se
937 2160 1115 2201 contulit.
1178 2159 1319 2212 Neque
1357 2163 1494 2200 tamen

125 2220 250 2273 prius
283 2234 324 2260 eo
353 2221 547 2272 pervenit,
589 2233 712 2272 quam
747 2220 865 2260 illum
898 2233 1009 2260 mors
1040 2220 1260 2271 occupavit.
1324 2219 1380 2259 Id
1407 2219 1495 2271 reqi

133 2280 336 2329 omnium,
375 2293 479 2331 quae
509 2281 557 2321 in
587 2281 675 2320 vita
702 2279 944 2332 pertulerat,
987 2279 1249 2319 adversorum
1285 2278 1493 2319 luctuosis-

131 2339 281 2380 simum
317 2339 515 2380 accidisse
547 2342 698 2380 certum
723 2338 893 2380 habetur
918 2351 1086 2391 eumque
1111 2338 1399 2389 maqnitudine
1423 2337 1493 2378 do-
