1610 2522
56 766 88 791 10

54 1064 86 1088 15

407 105 740 140 HISTORIARUM
767 104 1049 138 ALEXANDRI
1076 105 1119 147 V,
1149 109 1178 138 1.
1388 104 1463 144 111

114 215 272 256 urbem.
350 214 432 257 Hic
474 228 642 268 quoque
694 214 804 255 inter
847 214 1060 255 mirabilia
1108 213 1293 254 Orientis
1340 228 1468 267 opera

114 278 358 315 numeratus
392 278 465 315 est.
530 274 696 328 Quippe
728 273 970 327 Euphrates
1001 274 1133 314 altum
1160 273 1311 314 limum
1338 273 1467 326 vehit,

114 348 197 387 quo
230 334 400 388 penitus
435 334 486 374 ad
511 333 788 374 fundamenta
815 333 1006 375 iacienda
1039 335 1182 387 egesto
1216 332 1286 372 vix
1320 333 1464 373 sufful-

112 393 260 435 ciendo
300 394 417 447 operi
455 394 624 434 firmum
658 393 876 447 reperiunt
909 393 1065 433 solum:
1105 391 1285 433 harenae
1324 394 1465 432 autem

112 452 289 494 subinde
322 453 561 494 cumulatae
595 455 636 493 et
668 452 799 506 saxis,
840 453 933 506 quis
966 466 1074 505 pons
1108 452 1358 506 sustinetur,
1397 452 1465 492 ad-

109 526 242 553 nexae
275 514 496 553 morantur
535 526 715 564 amnem,
754 512 827 565 qui
858 514 1047 552 retentus
1082 510 1232 564 acrius,
1271 525 1395 564 quam
1430 511 1465 552 si

110 571 243 612 libero
277 586 401 612 cursu
440 574 611 624 mearet,
644 570 848 612 inliditur.
912 570 1064 612 Arcem
1099 585 1268 624 quoque
1302 571 1464 611 ambitu
1492 582 1510 610 3

111 642 173 671 xx
219 630 353 671 stadia
400 631 650 685 conplexam
691 629 860 671 habent.
924 642 1020 671 xxx
1058 630 1185 684 pedes
1225 630 1269 670 in
1308 633 1463 671 terram

109 690 289 731 turrium
322 690 599 731 fundamenta
632 690 814 731 demissa
847 692 963 743 sunt,
1006 690 1056 730 ad
1091 701 1215 730 LXXX
1250 704 1462 730 summum

109 749 363 790 munimenti
390 750 610 805 fastigium
637 750 842 803 pervenit.
901 748 1038 803 Super
1065 763 1215 802 arcem,
1242 748 1462 804 vulgatum

109 807 365 850 Graecorum
416 808 572 850 fabulis
624 809 895 861 miraculum,
954 809 1137 863 pensiles
1189 808 1302 849 horti
1353 811 1463 861 sunt,

109 882 317 909 summam
348 883 567 909 murorum
594 868 863 909 altitudinem
890 871 1118 921 aequantes
1146 869 1463 922 multarumque

108 928 308 968 arborum
350 928 501 968 umbra
549 931 590 969 et
630 929 886 982 proceritate
934 929 1112 969 amoeni.
1186 926 1297 968 Saxo
1339 927 1464 981 pilae,

108 1001 215 1040 quae
242 989 381 1028 totum
410 1002 516 1028 onus
545 989 768 1041 sustinent,
795 988 1026 1028 instructae
1054 990 1165 1040 sunt,
1202 1002 1328 1041 super
1353 987 1462 1041 pilas

106 1046 247 1100 lapide
276 1047 480 1100 quadrato
509 1048 647 1088 solum
677 1050 855 1088 stratum
883 1049 947 1088 est
966 1048 1132 1101 patiens
1160 1049 1308 1099 terrae,
1336 1061 1462 1100 quam

108 1104 236 1146 altam
270 1106 462 1159 iniciunt,
494 1109 536 1147 et
561 1107 765 1160 humoris,
799 1120 882 1160 quo
916 1107 1058 1162 rigant
1090 1109 1240 1147 terras:
1274 1105 1462 1159 adeoque

107 1165 268 1206 validas
303 1165 472 1207 arbores
507 1167 689 1207 sustinet
721 1167 874 1219 moles,
914 1168 962 1207 ut
995 1167 1161 1220 stipites
1201 1180 1346 1206 earum
1379 1177 1462 1205 VIII

108 1224 349 1266 cubitorum
389 1226 575 1279 spatium
608 1225 888 1267 crassitudine
928 1228 1122 1279 aequent,
1162 1226 1205 1266 in
1244 1237 1271 1265 L
1304 1225 1461 1279 pedum

107 1283 375 1325 altitudinem
422 1285 635 1326 emineant
678 1285 993 1341 frugiferaeque
1039 1286 1136 1340 sint,
1179 1287 1228 1325 ut
1273 1285 1308 1326 si
1352 1287 1463 1325 terra

53 1361 66 1385 2
107 1357 183 1383 sua
227 1344 447 1385 alerentur.
523 1344 598 1397 Et,
643 1358 739 1386 cum
785 1347 973 1386 vetustas
1018 1359 1105 1385 non
1150 1359 1278 1398 opera
1322 1345 1460 1385 solum

106 1417 234 1443 manu
278 1404 407 1456 facta,
449 1404 522 1444 sed
561 1404 686 1445 etiam
728 1405 863 1458 ipsam
909 1406 1105 1445 naturam
1148 1403 1354 1458 paulatim
1394 1418 1461 1444 ex-

106 1461 266 1503 edendo
293 1463 486 1516 perimat,
511 1463 615 1505 haec
637 1463 781 1517 moles,
808 1478 915 1518 quae
936 1466 1000 1504 tot
1020 1463 1221 1504 arborum
1247 1462 1460 1504 radicibus

104 1522 312 1574 premitur
344 1522 536 1576 tantique
568 1523 755 1564 nemoris
789 1523 975 1577 pondere
1009 1525 1181 1564 onerata
1214 1525 1289 1576 est,
1327 1522 1461 1563 invio-

202 1654 216 1683 1
240 1650 442 1695 mirabilia]
463 1650 691 1685 miserabilia
705 1655 730 1684 P
751 1663 863 1695 impr.
940 1655 959 1685 3
980 1651 1146 1697 penitus]
1167 1651 1340 1695 poenitus
1351 1655 1387 1685 P.

105 1697 275 1731 iacienda
302 1700 427 1742 egesto
455 1700 480 1730 B
502 1710 545 1732 m.
566 1710 629 1733 sec.
650 1702 676 1731 P
696 1711 739 1733 m.
761 1711 843 1734 scca:
870 1699 1040 1734 iaciendo
1068 1701 1171 1744 geste
1192 1702 1231 1732 A.
1332 1699 1459 1733 sufful-

105 1744 235 1779 ciendo
256 1745 503 1790 Ronyarsius:
533 1746 750 1781 sufficiendo
772 1750 800 1779 A
826 1747 1045 1792 [suficiendo
1066 1747 1122 1792 V]
1212 1751 1233 1780 4
1260 1747 1404 1780 firmum
1425 1751 1458 1781 1:

105 1793 206 1826 firmo
233 1795 272 1825 A.
346 1792 552 1838 reperiunt]
578 1794 795 1838 repperiunt
814 1798 850 1827 P.
927 1798 945 1828 7
972 1794 1145 1828 inliditur
1171 1797 1196 1827 B
1217 1806 1262 1829 m.
1283 1805 1346 1829 sec.
1368 1798 1393 1827 P
1414 1807 1457 1829 m.

103 1851 185 1874 secu:
217 1839 348 1873 inlitus
363 1843 392 1872 A
413 1840 453 1886 [B
473 1852 518 1875 m.
533 1840 643 1886 pr..9],
664 1842 780 1875 1'1n1.v
800 1842 954 1876 additur
975 1842 1009 1875 in
1032 1843 1196 1887 maryz‘ne
1214 1841 1385 1876 illiditur.

104 1886 246 1921 ambitu
269 1887 501 1922 Vindelinus:
524 1889 686 1923 ambitus
707 1892 745 1922 A.
822 1893 842 1923 8
862 1890 1014 1935 terram]
1036 1891 1135 1923 terra
1148 1893 1184 1923 P.
1260 1892 1279 1922 9
1300 1889 1458 1923 turrium

104 1934 243 1969 Lauer:
270 1934 382 1968 trium
410 1938 447 1968 A.
565 1936 740 1982 demissa]
768 1936 921 1970 dimissa
947 1940 1019 1970 PV.
1151 1940 1193 1971 10
1219 1936 1455 1982 munimenti]

103 1981 342 2015 munimentis
362 1986 388 2015 P
408 1995 451 2017 w.
468 1994 528 2027 pr.
605 1987 646 2017 12
668 1985 865 2029 summam]
888 1996 1031 2018 summa
1054 1988 1123 2018 FP.
1199 1986 1402 2028 aequantes
1423 1989 1455 2018 1:

103 2029 297 2073 aequantis
323 2032 362 2063 A.
482 2034 523 2064 13
551 2031 696 2065 amoeni
716 2035 749 2065 1:
778 2042 950 2066 amoenos
976 2034 1014 2065 A.
1134 2036 1176 2065 14
1203 2032 1310 2077 onus]
1338 2032 1456 2066 honus

102 2079 174 2110 PV.
263 2080 304 2110 15
330 2077 494 2123 patiens]
521 2078 673 2122 paciens
699 2082 772 2112 PV.
859 2082 898 2112 17
928 2079 1088 2114 sustinet
1113 2080 1318 2114 Bentleius:
1348 2079 1457 2113 susti-

102 2126 192 2157 nent
217 2127 256 2158 A,
382 2127 424 2158 18
451 2126 695 2160 crassitudine
721 2130 747 2159 P
773 2138 817 2161 m.
837 2138 920 2161 sec:
954 2126 1240 2160 crassitudinem
1266 2130 1291 2160 P
1317 2139 1362 2162 m.
1385 2139 1456 2171 pr„

102 2171 391 2214 grassitudinem
431 2176 462 2206 C.
616 2176 657 2207 19
696 2173 973 2218 frugiferaeque
1012 2175 1203 2209 Halmius:
1256 2174 1455 2219 frugiferae

104 2228 219 2260 aeque
241 2223 274 2260 c,
300 2218 480 2263 frugifera
507 2231 624 2264 aeque
650 2225 675 2254 P
695 2232 739 2255 m.
756 2232 814 2265 pr.
914 2221 1003 2267 sint]
1032 2221 1089 2255 sin
1109 2225 1144 2255 L.
1245 2225 1288 2255 ‘20
1315 2221 1456 2256 aleren-

103 2266 177 2311 tur]
200 2265 388 2300 alarentur
401 2270 426 2300 B
441 2279 485 2301 m.
496 2279 553 2311 pr.
569 2272 639 2301 FL.
722 2272 763 2302 21
786 2269 974 2314 naturam]
995 2271 1169 2303 nutui-am
1189 2272 1224 2302 P.
1310 2273 1352 2302 22
1374 2281 1455 2313 per-

102 2312 193 2346 imat
214 2317 252 2346 C:
278 2316 445 2357 peremat
464 2318 490 2347 P
510 2327 553 2349 m.
570 2327 628 2359 pr.
698 2315 901 2362 radicibus]
922 2316 1050 2350 racibu
1064 2320 1090 2349 P
1112 2328 1153 2350 m.
1170 2328 1228 2360 pr.
1306 2320 1348 2350 523
1371 2328 1455 2350 one-

102 2360 198 2405 rata]
223 2359 403 2395 honerata
428 2365 499 2395 PV.

1493 402 1537 433 30

1490 760 1534 789 32

1491 940 1534 970 33

1489 1356 1531 1387 34
