1610 2522
77 304 117 333 19

73 541 117 571 *20

73 720 112 749 21

72 1783 138 1817 ΧΠ

145 125 232 165 294
650 124 690 166 Q.
719 124 744 159 C
751 124 862 158 [ΤΒ-ΤΙ
889 124 1000 158 RUFI

146 236 316 287 perunt,
360 237 399 274 et
443 233 611 274 barbari
648 233 814 274 hostem
857 233 1069 287 depulisse
1102 234 1291 274 contenti
1323 248 1405 273 non
1441 233 1499 274 in-

145 293 290 333 stitere
327 292 586 333 cedentibus.
650 291 847 334 Ceterum
881 293 1122 334 Alexander
1154 307 1249 333 cum
1283 293 1501 333 statuisset

145 352 348 393 desistere
388 352 556 406 incepto
590 377 646 382 —
680 352 838 406 quippe
876 354 993 393 nulla
1032 366 1127 406 spes
1169 352 1400 406 potiundae
1432 364 1500 406 pe-

144 414 234 451 trae
262 411 520 452 offerebatur
545 437 608 464 —‚
629 415 770 453 tamen
798 413 979 465 speciem
1003 411 1189 452 ostendit
1216 411 1260 452 in
1280 410 1501 453 obsidione

143 472 466 526 perseverantis.
518 470 629 512 Nam
663 474 704 512 et
737 471 889 512 itinera
923 471 1108 512 obsideri
1141 471 1266 512 iussit
1297 474 1337 511 et
1362 474 1500 512 turres

144 530 359 570 admoveri
394 533 435 570 et
461 530 653 586 fatigatis
685 531 791 571 alios
824 530 1057 571 succedere.
1110 528 1241 571 Cuius
1267 530 1502 584 pertinacia

145 589 317 643 cognita
350 588 443 630 Indi
487 604 562 643 per
594 589 771 631 biduum
805 590 976 643 quidem
1009 603 1057 630 ac
1090 590 1194 630 duas
1225 593 1371 631 noctes
1406 603 1500 631 cum

144 648 428 689 ostentatione
456 664 541 690 non
562 649 742 690 fiduciae
768 649 907 704 modo,
937 649 1009 690 sed
1031 649 1158 690 etiam
1181 648 1383 690 victoriae
1403 663 1501 703 epu—

143 709 217 749 lati
271 711 369 749 sunt
414 711 617 763 tympana
663 723 738 750 suo
783 723 900 750 more
944 709 1181 763 pulsantes:
1232 709 1357 750 tertia
1401 722 1501 749 vero

145 771 271 809 nocte
321 772 622 822 tympanorum
669 768 839 822 quidem
883 769 1087 822 strepitus
1129 768 1312 809 desierat
1352 768 1502 821 audiri,

146 830 332 868 ceterum
372 842 421 867 ex
460 829 553 868 tota
591 830 711 882 petra
745 828 857 868 faces
891 827 1178 883 refulgebant,
1223 842 1327 881 quas
1359 841 1503 868 accen-

146 886 296 927 derant
328 886 511 936 barbari,
544 889 591 928 ut
618 888 752 928 tutior
778 891 887 927 esset
916 887 1019 941 ipsis
1046 887 1147 941 fuga
1175 887 1354 929 obscura
1377 890 1503 928 nocte

98 965 115 986 ·.
144 961 220 1000 per
252 946 365 986 invia
399 961 499 987 saxa
534 947 732 988 cursuris.
796 946 887 988 Rex
921 947 1117 999 Balacro,
1162 947 1235 1001 qui
1267 946 1501 1001 speculare-

145 1009 226 1058 tur,
259 1007 494 1060 praemisso
522 1007 742 1061 cognoscit
768 1010 931 1060 petram
959 1007 1063 1062 fuga
1088 1006 1291 1047 Indorum
1319 1020 1409 1047 esse
1435 1005 1501 1046 de-

147 1068 315 1106 sertam.
384 1065 492 1106 Tum
540 1065 639 1106 dato
678 1066 819 1122 signo,
865 1069 910 1106 ut
950 1066 1137 1107 universi
1176 1065 1502 1118 conclamarent,

98 1139 105 1163 ;
145 1125 413 1178 inconposite
440 1125 706 1181 fugientibus
733 1128 893 1166 metum
923 1125 1116 1166 incussit:
1150 1125 1371 1179 multique,
1397 1128 1501 1166 tam-

145 1199 272 1238 quam
316 1184 481 1225 adesset
526 1184 681 1237 hostis,
725 1199 800 1239 per
837 1184 1001 1225 lubrica
1041 1200 1141 1225 saxa
1174 1199 1334 1239 perque
1367 1184 1502 1225 invias

143 1247 257 1284 cotes
281 1244 552 1298 praecipitati
580 1244 837 1298 occiderunt,
868 1244 1012 1298 plures
1040 1244 1182 1298 aliqua
1211 1244 1501 1285 membrorum

71 1316 90 1345 2
142 1307 264 1357 parte
301 1303 478 1344 mulcati
518 1303 570 1344 ab
609 1303 787 1359 integris
826 1303 981 1344 deserti
1013 1307 1122 1344 sunt.
1187 1303 1277 1344 Rex
1309 1304 1500 1345 locorum

142 1364 280 1418 magis
324 1378 451 1417 quam
493 1362 681 1404 hostium
724 1363 862 1405 victor
903 1367 1043 1404 tamen
1085 1377 1264 1417 magnae
1298 1362 1500 1404 victoriae

141 1423 309 1475 speciem
347 1423 566 1463 sacrificiis
603 1425 644 1463 et
677 1422 795 1463 cultu
828 1423 953 1463 deum
985 1423 1098 1464 fecit.
1162 1423 1272 1464 Arae
1305 1422 1350 1462 in
1380 1425 1502 1476 petra

99 1495 110 1501 ·
142 1482 305 1522 locatae
359 1485 459 1523 sunt
503 1482 719 1523 Minervae
765 1481 1117 1536 Victoriae[que].
1193 1481 1385 1523 Ducibus
1434 1482 1502 1522 iti-

141 1541 273 1592 neris,
319 1556 402 1595 quo
448 1542 591 1582 subire
635 1541 815 1583 iusserat
853 1541 1004 1582 leviter
1043 1545 1246 1594 armatos.
1291 1541 1371 1582 etsi
1406 1555 1501 1595 pro-

142 1600 281 1641 missis
310 1600 472 1642 minora
500 1601 813 1655 praestiterant,
845 1600 1029 1655 pretium
1057 1614 1151 1642 cum
1179 1600 1261 1641 fide
1287 1601 1500 1641 redditum

142 1663 222 1713 est,
267 1663 412 1713 petrae
458 1660 730 1716 regionisque
771 1660 805 1701 ei
846 1661 1068 1701 adiunctae
1111 1660 1327 1701 Sisocosto
1366 1659 1500 1700 tutela

142 1733 360 1773 permissa.

230 1778 331 1819 Inde
364 1780 571 1833 processit
604 1779 826 1820 Ecbolima
860 1782 912 1832 et,
955 1794 1050 1820 cum
1083 1779 1302 1834 angustias
1336 1778 1500 1819 itineris

238 1959 258 1989 4
285 1955 525 2001 offerebat-ur]
553 1954 737 1989 offebatur
762 1959 787 1988 P
808 1968 852 1990 m.
869 1968 927 2000 pr.
1045 1955 1239 1990 obsidione
1266 1955 1408 1989 Laeter:
1436 1954 1498 1988 ob—

143 2003 326 2037 sidionem
353 2006 391 2037 A.
481 2007 499 2036 6
528 2003 752 2049 pertinacia]
780 2003 982 2047 pertinatia
1009 2007 1068 2036 1²1.
1089 2015 1133 2037 m.
1150 2014 1209 2047 pr.
1229 2006 1267 2036 V.
1359 2006 1379 2036 8
1407 2002 1499 2035 fidu-

140 2050 238 2096 ciae]
266 2050 419 2084 fidutiae
446 2054 518 2083 PV.
643 2054 661 2084 9
688 2051 885 2096 tympana]
913 2051 1082 2095 timpana
1108 2055 1141 2084 c.
1264 2049 1392 2095 tertia]
1426 2051 1499 2084 ter-

142 2099 200 2132 cia
227 2102 269 2134 1..
296 2098 408 2132 tertio
435 2101 460 2131 P
486 2110 531 2132 m.
557 2110 612 2141 pr.
763 2102 804 2132 10
831 2098 1110 2143 tympanorum]
1143 2097 1396 2141 timpanorum
1423 2100 1497 2130 FV.

144 2150 182 2179 11
215 2145 478 2191 accenderant]
500 2146 746 2180 ascenderant
766 2149 800 2178 P.
880 2150 921 2179 12
948 2145 1080 2191 tutior]
1101 2145 1242 2180 tuotior
1260 2147 1286 2178 B
1306 2156 1350 2178 m.
1367 2156 1424 2189 pr.

143 2194 256 2239 esset]
283 2195 319 2227 et
345 2197 370 2226 L
392 2205 434 2227 m.
451 2205 509 2237 pr.
606 2196 647 2227 19
675 2193 829 2238 deserti]
857 2193 964 2227 deser
989 2197 1015 2226 P
1037 2204 1079 2226 m.
1095 2204 1154 2237 pr.
1242 2196 1283 2226 21
1312 2193 1497 2236 speciem

142 2242 226 2275 add.
257 2241 500 2275 Mnetzellius.
624 2240 831 2285 sacrificiis]
865 2240 1053 2275 sacrifitiis
1079 2244 1115 2274 F.
1238 2243 1282 2273 22
1314 2239 1498 2274 Victoriae

142 2287 288 2333 Stanyl:
326 2288 581 2332 uictoriaeque
608 2291 646 2321 A.
794 2288 954 2333 itineris]
982 2288 1152 2321 intineris
1179 2291 1218 2320 V.
1353 2290 1398 2321 23
1425 2297 1497 2330 qno

142 2336 352 2380 Zumptiu-s:
387 2346 478 2379 quos
506 2339 543 2368 A⁴
670 2340 713 2369 24
739 2335 916 2381 pretium]
949 2335 1139 2380 praecium
1165 2338 1190 2368 L
1211 2346 1256 2369 m.
1272 2346 1330 2379 pr.
1352 2338 1390 2370 P.
1415 2344 1498 2378 pre—

142 2383 241 2417 cium
267 2386 307 2415 V.

1522 295 1569 332 41

1523 785 1556 811 10

1523 1083 1555 1108 15

1522 1380 1555 1404 20

1521 1677 1554 1702 25
