1610 2522
20 719 52 744 10

17 1312 50 1337 20

0 1357 47 1393 13

18 1906 51 1931 30

330 54 669 89 HISTORIARUM
700 52 981 88 ALEXANDRI
1007 52 1065 95 HJ,
1092 56 1124 86 4.
1147 57 1177 86 ιἰ.
1379 51 1431 90 Ῑῖ)

73 180 116 206 se
157 179 245 206 esse
288 167 535 206 contentum
581 190 632 194 —
677 163 893 205 descendit
936 162 976 202 in
1016 162 1184 202 flumen.
1248 160 1418 215 Vixque
1445 172 1464 199 3

73 225 249 280 ingressi
285 225 426 266 subito
460 224 637 265 horrore
670 226 785 265 artus
827 223 961 277 rigere
994 223 1243 275 coeperunt,
1282 219 1420 274 pallor

73 284 222 325 deinde
249 284 432 325 suffusus
460 287 523 324 est
550 287 591 325 et
611 286 750 325 totum
773 281 1079 336 propemodum
1102 294 1255 335 corpus
1276 279 1421 321 vitalis

72 343 188 386 calor
207 344 344 397 liquit.
395 343 623 397 Expiranti
645 342 827 384 similem
843 341 1031 382 ministri
1053 355 1179 381 manu
1202 340 1420 394 excipiunt

71 417 148 444 nec
180 403 281 444 satis
316 405 557 456 compotem
590 402 743 444 mentis
783 403 827 442 in
859 399 1179 442 tabernaculum
1214 398 1420 440 deferunt.

73 461 227 517 Ingens
255 462 499 503 sollicitudo
534 465 573 502 et
606 476 739 516 paene
772 461 853 502 iam
881 460 1020 501 luctus
1055 460 1097 500 in
1132 460 1281 501 castris
1314 460 1420 499 erat:

74 522 221 563 flentes
262 522 548 575 querebantur
587 522 630 562 in
669 524 787 562 tanto
829 521 990 573 impetu
1031 533 1241 572 cursuque
1280 533 1419 559 rerum

73 582 210 622 omnis
243 581 393 622 aetatis
426 596 474 623 ac
507 580 734 623 memoriae
768 580 1049 622 clarissimum
1083 592 1225 633 regem
1259 593 1343 620 non
1377 577 1419 618 in

73 641 159 682 acie
201 641 369 692 saltem,
410 655 496 681 11011
539 640 589 681 ab
631 639 753 682 hoste
795 639 1023 692 deiectum,
1065 638 1136 679 sed
1178 637 1420 678 abluentem

73 715 182 754 aqua
203 715 356 755 corpus
377 702 569 754 ereptum
591 714 681 741 esse
701 702 743 741 et
763 699 1010 741 extinctum.
1050 696 1214 738 Instare
1235 697 1420 738 Dareum

74 761 288 808 victorem,
309 763 536 813 antequam
559 759 732 800 vidisset
752 759 931 800 hostem.
972 757 1065 798 Sibi
1085 757 1253 798 easdem
1274 760 1421 809 terras,

73 835 177 873 quas
206 820 382 861 victoria
408 822 717 874 peragrassent,
744 818 1009 872 repetendas:
1037 818 1179 859 omnia
1205 820 1279 858 aut
1305 817 1419 871 ipsos

73 882 144 920 aut
171 878 314 920 hostes
341 878 580 933 populatos.
651 878 731 919 Per
758 881 899 919 vastas
927 876 1190 929 solitudines,
1223 876 1350 917 etiam
1385 877 1420 917 si

72 953 196 979 nemo
224 939 390 992 insequi
422 938 537 991 velit,
570 941 717 979 euntes
749 938 859 978 fame
893 940 1019 991 atque
1046 937 1191 990 inopia
1218 936 1420 978 debellari

73 1012 207 1052 posse.
271 997 405 1047 Quem
436 998 607 1052 signum
640 998 838 1038 daturum
866 996 1160 1052 fugientibus?
1193 1010 1318 1050 quem
1351 1010 1419 1036 au-

75 1073 220 1099 surum
242 1056 484 1099 Alexandro
514 1057 763 1098 succedere?
825 1056 914 1097 Iam
943 1058 990 1097 ut
1017 1056 1069 1097 ad
1090 1055 1420 1109 Hellespontum

71 1118 175 1172 fuga
206 1119 494 1171 penetrarent,
528 1118 724 1171 classem,
759 1132 843 1170 qua
875 1119 1104 1169 transeant,
1144 1130 1269 1169 quem
1303 1129 1420 1169 prae-

72 1177 350 1230 paraturum?
382 1176 546 1218 Rursus
574 1177 618 1217 in
644 1176 784 1230 ipsum
811 1190 955 1231 regem
982 1175 1275 1217 misericordia
1300 1189 1421 1216 versa

72 1235 192 1277 illum
220 1236 365 1277 florem
394 1236 601 1289 iuventae,
635 1236 752 1277 illam
780 1235 865 1277 vim
893 1235 1035 1289 animi,
1068 1235 1247 1276 eundem
1277 1248 1419 1289 regem

73 1299 113 1336 et
155 1295 490 1337 commilitonem
529 1295 672 1337 divelli
713 1310 736 1336 a
774 1310 816 1335 se
856 1298 896 1336 et
934 1295 1132 1349 abrumpi
1165 1295 1419 1335 inmemores

72 1355 136 1396 sui
182 1355 476 1409 querebantur.
540 1354 656 1396 Inter
698 1356 803 1396 haec
843 1354 1019 1395 liberius
1060 1368 1200 1394 meare
1242 1353 1419 1407 spiritus

72 1417 279 1468 coeperat,
313 1415 610 1468 adlevaratque
640 1428 712 1455 rex
741 1414 885 1455 oculos
919 1417 960 1455 et
986 1414 1192 1468 paulatim
1219 1413 1421 1453 redeunte

72 1475 214 1515 animo
255 1474 577 1516 circumstantes
616 1474 775 1514 amicos
807 1476 1055 1528 agnoverat,
1098 1472 1323 1526 laxataque
1356 1473 1421 1513 vis

72 1533 209 1574 morbi
254 1533 307 1574 ob
350 1533 431 1574 hoc
473 1533 611 1574 solum
653 1532 893 1586 videbatur,
939 1533 1037 1586 quia
1080 1532 1419 1588 magnitudinem

18 1610 32 1634 ι»
74 1592 173 1633 mali
195 1592 414 1634 sentiebat.
478 1592 622 1633 Animi
644 1596 783 1633 autem
806 1592 1027 1647 aegritudo
1049 1606 1202 1646 corpus
1222 1591 1420 1646 urgebat:

72 1653 230 1706 quippe
263 1651 447 1693 Dareum
481 1653 630 1707 quinto
664 1652 730 1692 die
762 1652 805 1692 in
835 1650 983 1693 Cilicia
1015 1652 1104 1692 fore
1132 1651 1419 1692 nuntiabatur.

76 1711 275 1752 Vinctum
309 1725 408 1766 ergo
442 1726 486 1752 se
518 1711 628 1752 tradi
667 1714 707 1752 et
740 1714 901 1752 tantam
935 1711 1159 1753 victoriam
1200 1711 1304 1764 eripi
1339 1710 1419 1751 sibi

71 1786 122 1811 ex
165 1770 360 1811 manibus
403 1772 666 1826 obscuraque
709 1774 749 1811 et
792 1771 971 1825 ignobili
1015 1773 1151 1811 morte
1196 1770 1239 1810 in
1285 1771 1421 1811 taber-

72 1830 222 1871 naculo
268 1831 460 1886 extingui
505 1845 548 1871 se
594 1831 857 1884 querebatur.
933 1829 1227 1883 Admissisque
1272 1829 1418 1871 amicis

72 1889 232 1943 pariter
259 1904 307 1931 ac
332 1890 525 1931 medicis:
553 1890 618 1930 ‘In
644 1905 728 1944 quo
755 1890 851 1944 me',
878 1890 1028 1944 inquit,
1056 1889 1252 1930 ‘articulo
1279 1904 1420 1930 rerum

71 1963 259 1989 mearum
308 1950 481 1991 fortuna
532 1949 873 2004 deprehenderit,
925 1948 1106 1990 cernitis.
1183 1948 1418 2003 Strepitum

167 2082 182 2111 1
212 2079 443 2123 contentum]
477 2079 730 2123 contemptum
763 2082 797 2111 L.
927 2081 946 2111 9
981 2078 1181 2123 deiectum]
1215 2078 1350 2112 iectum
1384 2081 1419 2111 P.

72 2130 114 2159 10
141 2126 325 2171 ereptum]
362 2128 534 2170 eruptum
567 2130 591 2158 P
624 2139 668 2160 m.
692 2138 770 2170 pr„
807 2128 999 2170 er*eptum
1025 2129 1060 2159 1..
1185 2129 1228 2159 18
1264 2126 1420 2170 Rursus]

68 2185 192 2206 russus
219 2176 245 2206 B
274 2186 315 2207 m.
332 2185 390 2217 pr.
413 2177 451 2206 V.
526 2173 795 2219 misericordia]
822 2173 1113 2208 misericordiam
1138 2176 1177 2206 V.
1253 2176 1296 2206 20
1325 2184 1419 2207 eom-

70 2220 293 2266 militonem]
327 2221 587 2255 commitonem
613 2225 638 2254 P
664 2233 708 2256 m.
725 2233 783 2265 pr.
907 2224 950 2254 ‘22
979 2220 1241 2263 adlevaratque
1270 2222 1419 2254 Illez‘ser:

70 2267 343 2311 adleuabatque
369 2271 408 2302 A.
497 2272 539 2301 24
567 2268 612 2302 ob
639 2269 707 2302 hoc
730 2270 879 2303 lunius:
908 2268 954 2302 ad
981 2268 1049 2301 hoc·
1077 2272 1115 2301 A.
1204 2271 1245 2301 ‘26
1274 2267 1420 2312 Cilicia]

69 2315 188 2349 cilitia
213 2319 250 2357 P,
276 2315 362 2349 cilia
388 2320 413 2348 L
442 2328 483 2350 m.
499 2329 556 2360 pr.

1447 348 1467 378 4

1448 528 1467 555 5

1448 708 1466 736 (3

1447 1188 1466 1211 S

1448 1364 1466 1393 9

1450 1602 1491 1632 10

1450 1840 1488 1870 11
