1610 2522
78 1175 120 1204 10

77 1354 115 1384 11

79 1711 120 1741 13

145 97 230 136 266
647 95 688 137 Q.
716 95 858 129 (JURTI
886 95 994 128 RUFI

145 220 239 247 cum
280 205 466 259 undique
503 205 771 259 tempestatis
804 204 1007 245 violentia
1039 204 1191 256 maior,
1236 219 1360 258 quam
1395 204 1494 246 vita*

145 265 288 318 batur,
334 267 582 305 occurreret.
646 264 761 317 Ergo
802 263 1022 305 ordinibus
1061 264 1214 305 solutis
1252 278 1327 317 per
1359 266 1495 305 totum

146 324 301 365 saltum
343 324 626 365 errabimdum
667 338 819 378 agmen
859 323 1091 377 ferebatur,
1136 323 1344 377 multique
1382 323 1498 377 prius

146 387 263 425 metu
302 398 427 437 quam
468 383 613 425 labore
652 383 873 438 defetigati
911 385 1228 437 prostraverant
1259 382 1377 423 humi
1411 397 1498 424 cor-

145 459 260 498 pora,
293 458 550 497 quamquam
586 443 763 483 imbrem
793 443 854 483 vis
881 442 1054 497 frigoris
1081 444 1277 483 concreto
1304 441 1403 497 gelu
1429 442 1498 483 ad·
1537 460 1552 484 5

145 503 385 544 strinxerat.
448 502 536 543 Alii
571 516 613 542 se
646 501 867 556 stipitibus
899 502 1099 542 arborum
1133 502 1424 542 admoverant:
1456 500 1497 542 id

145 562 341 616 plurimis
381 564 422 603 et
460 561 764 602 adminiculum
805 564 847 602 et
878 561 1109 615 suffugium
1143 563 1243 602 erat.
1308 560 1399 602 Nec
1424 560 1499 601 fal-

146 622 261 663 lebat
297 622 414 676 ipsos
447 622 574 663 morti
606 622 746 662 locum
781 622 935 676 eligere
968 634 1019 673 se,
1061 634 1156 662 cum
1190 620 1407 661 inmobilis
1440 620 1500 661 vi-

147 681 244 722 talis
277 681 391 723 calor
422 681 652 735 linqueret:
686 681 756 721 sed
791 683 911 735 grata
944 683 1032 721 erat
1065 679 1240 734 pigritia
1273 694 1496 734 corporum

146 741 349 796 fatigatis,
381 755 458 781 nec
490 739 742 781 recusabant
774 740 968 795 extingui
1001 739 1267 794 quiescendo.
1332 739 1499 794 Quippe
1522 758 1553 782 ιο

146 816 231 842 non
265 801 492 841 vehemens
525 800 670 853 modo,
715 800 787 840 sed
820 800 947 841 etiam
981 799 1175 853 pertinax
1210 798 1273 839 vis
1306 798 1406 839 mali
1440 800 1500 839 in-

147 860 341 912 sistebat,
379 861 621 914 lucemque,
663 860 853 900 naturale
887 859 1112 910 solacium,
1144 861 1310 912 praeter
1342 862 1499 913 tempe-

146 923 297 961 statem
342 919 455 960 haud
497 919 707 973 disparem
754 919 868 959 nocti
911 918 1113 959 silvarum
1147 931 1317 972 quoque
1348 917 1501 959 umbra

147 982 449 1034 suppresserat.
513 979 602 1020 Rex
641 994 751 1020 unus
791 980 899 1019 tanti
939 977 1040 1019 mali
1078 979 1244 1031 patiens
1278 977 1500 1019 circumire

146 1039 316 1091 milites,
343 1038 593 1080 contrahere
620 1039 846 1092 dispersos,
875 1038 1068 1079 adlevare
1088 1039 1336 1091 prostratos,
1364 1040 1499 1078 osten-
1524 1055 1554 1079 15

147 1099 243 1140 dere
288 1099 439 1153 procul
477 1099 693 1139 evolutum
734 1112 785 1138 ex
823 1097 1007 1153 tuguriis
1046 1097 1210 1137 fumum
1242 1096 1500 1150 hortarique,

146 1161 194 1200 ut
226 1158 421 1213 proxima
454 1173 644 1212 quaeque
672 1157 856 1212 suffugia
883 1159 1152 1210 occuparent.
1203 1155 1294 1197 Nec
1320 1157 1406 1197 ulla
1435 1170 1500 1196 res

148 1219 284 1273 magis
318 1217 445 1258 saluti
478 1218 576 1269 fuit,
617 1232 743 1271 quam
778 1217 889 1271 quod
923 1216 1207 1269 multiplicato
1240 1215 1385 1256 labore
1419 1215 1501 1256 suf-

146 1278 357 1319 ficientem
403 1277 545 1329 malis,
589 1277 681 1329 quis
724 1277 806 1330 ipsi
851 1279 1078 1329 cesserant,
1122 1289 1265 1329 regern
1312 1274 1500 1316 deserere

148 1337 460 1378 erubescebant.
514 1336 710 1377 Ceterum
744 1336 955 1378 efficacior
988 1335 1031 1376 in
1058 1334 1244 1376 adversis
1271 1334 1500 1376 necessitas
1527 1338 1570 1373 15

148 1411 274 1451 quam
315 1397 423 1437 ratio
462 1396 636 1452 frigoris
674 1395 906 1437 remedium
948 1395 1125 1436 invenit:
1169 1393 1355 1435 dolabris
1388 1393 1500 1434 enim
1521 1411 1550 1436 ει

148 1457 275 1497 silvas
303 1459 489 1497 sternere
517 1455 705 1511 adgressi
733 1455 890 1509 passini
920 1468 1091 1496 acervos
1119 1456 1337 1507 struesque
1358 1467 1501 1495 accen-

147 1516 309 1557 derunt.
363 1515 609 1557 Continenti
641 1514 837 1556 incendio
871 1514 1015 1555 ardere
1048 1513 1238 1555 crederes
1271 1514 1426 1554 saltum
1460 1515 1502 1553 et

147 1576 218 1616 vix
245 1576 355 1617 inter
380 1575 572 1616 flammas
599 1574 841 1630 agminibus
868 1573 1060 1614 relictum
1088 1573 1242 1614 locum.
1284 1572 1367 1613 Hic
1387 1571 1501 1613 calor

148 1635 362 1689 stupentia
385 1634 572 1676 membra
593 1634 836 1686 commovit,
856 1633 1146 1688 paulatimque
1168 1631 1355 1686 spiritus,
1376 1646 1500 1686 quem
1522 1649 1554 1674 25

147 1695 414 1736 continuerat
447 1695 575 1748 rigor,
608 1708 746 1735 meare
779 1693 910 1733 libere
943 1693 1093 1746 coepit.
1145 1691 1362 1745 Excepere
1394 1691 1500 1732 alios

146 1757 259 1796 tecta
299 1753 592 1806 barbarorum,
638 1767 744 1808 quae
784 1752 826 1794 in
859 1751 1009 1793 ultimo
1044 1751 1153 1792 saltu
1188 1751 1331 1791 abdita
1363 1764 1501 1792 neces-

148 1814 250 1855 sitas
284 1813 626 1868 investigaverat,
659 1812 764 1853 alios
798 1815 945 1865 castra,
988 1825 1094 1865 quae
1127 1811 1170 1851 in
1203 1809 1378 1851 humido
1412 1810 1500 1864 qui·

147 1873 254 1926 dem,
282 1872 354 1914 sed
380 1872 463 1913 iam
492 1873 593 1913 caeli
623 1873 870 1913 mitescente
898 1871 1074 1912 saevitia
1098 1871 1357 1912 locaverunt.
1404 1868 1499 1909 Duo

148 1933 266 1973 milia
309 1932 495 1973 militum
541 1935 667 1985 atque
711 1932 894 1972 lixarum
938 1930 1219 1983 calonumque
1258 1928 1389 1982 pestis
1429 1929 1502 1969 illa
1521 1946 1555 1971 :zo

244 2078 263 2107 4
279 2072 493 2118 defetigati]
509 2072 692 2116 defitigati
707 2075 743 2105 P.
819 2074 839 2104 8
861 2070 1014 2115 eligere]
1029 2070 1169 2115 erigere
1184 2073 1222 2103 V.
1297 2080 1338 2103 se
1358 2068 1498 2103 addidi.

149 2126 167 2153 9
195 2121 319 2166 grata]
341 2120 463 2163 gratia
482 2124 507 2153 P
528 2131 571 2153 m.
588 2131 646 2164 pr.
748 2122 789 2152 19
817 2118 937 2156 malis,
964 2119 1062 2162 quis
1087 2118 1231 2162 scripsi:
1260 2116 1368 2150 malis
1389 2119 1426 2149 A.

149 2169 352 2213 cesserant]
390 2169 579 2202 cessarant
604 2171 630 2200 F
655 2179 696 2200 m.
714 2179 771 2211 pr.
921 2169 963 2199 20
991 2165 1192 2210 efficacior]
1220 2164 1402 2198 efficatior
1427 2167 1498 2196 PV.

149 2220 191 2248 22
220 2216 429 2261 struesque]
457 2220 697 2258 strenuesque
717 2218 752 2247 P.
846 2217 887 2247 27
917 2212 1062 2258 abdita]
1090 2213 1219 2246 addita
1240 2216 1275 2245 F.
1364 2215 1407 2245 28
1435 2210 1499 2243 hu-

149 2263 266 2308 mido]
298 2263 425 2297 umido
453 2267 484 2296 c.
609 2266 651 2296 29
679 2262 743 2296 sed
773 2262 847 2295 iam
874 2265 899 2294 L
925 2272 1033 2295 corn:
1071 2262 1106 2294 et
1139 2260 1210 2293 iam
1239 2263 1280 2301 P,
1318 2258 1449 2292 setiam
1476 2262 1500 2291 L

147 2322 192 2345 m.
210 2307 280 2355 pr..
307 2311 369 2345 sed
399 2310 508 2346 etiam
537 2313 614 2349 BF,
651 2309 681 2343 si
708 2309 782 2343 iam
808 2313 847 2342 V.
964 2309 1180 2342 mitescente
1207 2311 1231 2340 L
1258 2318 1365 2342 corin:
1402 2305 1500 2341 miti-

149 2361 273 2394 scente.
302 2362 340 2395 A.
463 2358 543 2393 Duo
570 2357 674 2392 milia
700 2358 910 2403 Zumptius:
939 2368 984 2390 xx
1006 2359 1044 2389 A.
