1610 2522
93 308 130 336 11)

91 606 125 634 11

87 843 127 872 12

88 1200 127 1231 13

90 1321 124 1350 1-1

88 1499 127 1527 15

88 1737 128 1766 1⁴3

88 1974 127 2004 17

158 67 213 107 9‘2
659 69 686 109 Q
727 68 865 101 curru
897 69 1005 102 Ruri

111 190 118 217 ε
159 191 240 217 11011
288 178 510 217 suffia-tura
560 177 771 218 alimenta.
848 176 911 218 Ne
963 178 1090 219 dividi
1142 179 1308 233 quidem
1362 179 1504 233 copias

157 251 281 291 posse
315 239 481 277 servato
515 251 630 277 moi-c
663 237 884 290 maiorum,
925 237 995 291 qui
1031 238 1246 280 universas
1282 239 1390 279 vires
1424 238 1504 280 dis-

159 296 323 336 crimini
360 296 567 337 bellorum
602 311 766 350 semper
798 297 1043 338 obtulerint..
1112 297 1175 351 lit,
1211 297 1393 351 hercule,
1426 300 1504 339 ter-

156 355 321 396 ribilem
353 359 475 396 antea
502 370 641 408 regem
672 359 713 396 et
733 355 923 397 absentia
950 371 1023 397 sua
1051 357 1101 397 ad
1129 372 1277 398 vanam
1307 357 1504 399 fiduciam

157 414 333 466 clatum,
373 418 598 469 postquam
639 415 865 456 adventare
905 430 948 457 se
987 416 1183 464 senserit,
1223 420 1393 458 cautum
1428 432 1504 471 pro
1543 433 1558 457 5

156 474 382 515 temerario
416 475 573 516 factum
610 474 828 516 delituisse
861 475 971 516 inter
1003 476 1222 532 angustias
1255 476 1387 517 saltus
1418 476 1504 518 ritu

157 533 411 588 ignobilium
433 534 628 583 ferarum,
651 549 757 588 quae
778 535 958 589 strepitu
980 535 1337 589 praetereuntium
1360 536 1505 577 audito

157 593 359 634 silvarum
387 593 562 635 latebris
596 609 638 635 se
666 594 919 635 occulerent.
985 594 1070 636 Iam
1104 596 1230 636 etiam
1260 595 1505 636 valitudinis

157 653 426 694 simulatione
468 653 664 695 frustrari
707 668 806 694 suos
844 654 1012 695 milites
1077 654 1158 696 Sed
1197 669 1281 695 non
1321 654 1504 709 amplius

156 713 296 766 ipsum
323 727 414 754 esse
441 728 664 767 passurum
689 713 921 755 detrectare
943 717 1171 755 (weitamen
1199 714 1240 755 in
1269 714 1343 756 illo
1365 728 1505 768 specu,
1527 730 1559 754 ιο

156 772 195 812 111
239 787 362 826 quem
404 772 543 826 pavidi
585 774 875 827 recessissent,
915 787 1216 828 oppressurum
1258 788 1348 815 esse
1382 788 1502 815 cunc-

155 834 304 872 tanteS.
357 831 447 872 Hae
434 847 472 873 2c
493 832 836 887 magnificentius
859 808 1013 874 iactata
1040 848 1164 886 quam
1186 833 1337 875 verius.
1391 832 1505 875 Cete-
1526 835 1577 870 ‘20

155 906 248 932 rum
282 891 459 946 pecunia
495 893 609 933 0111111
643 907 868 946 rerumque
900 893 1220 946 pretiosissimis
1251 892 1503 934 Damascum

156 950 302 1004 Syriae
342 966 434 992 cum
471 952 638 992 modico
670 952 883 1006 praesidio
922 952 1104 994 militum
1148 953 1287 993 missis
1321 953 1504 1006 reliquas

155 1011 299 1065 copias
347 1011 387 1051 in
435 1010 625 1052 Ciliciam
673 1011 794 1052 duxit
838 1012 1158 1066 insequentibus
1204 1026 1320 1053 more
1365 1013 1503 1066 patrio
1527 1028 1557 1053 15

155 1085 307 1125 agmen
333 1071 513 1126 coniuge
541 1085 588 1112 ac
614 1073 760 1112 matre.
827 1071 1026 1127 Virgines
1054 1086 1222 1125 quoque
1249 1086 1343 1113 cum
1371 1086 1503 1126 parvo

155 1130 243 1170 filio
278 1130 590 1172 comitabantur
622 1134 796 1185 patrem.

244 1189 371 1231 Forte
404 1190 546 1231 eadem
581 1193 706 1232 nocte
739 1193 782 1232 et
807 1189 1047 1232 Alexander
1079 1190 1128 1231 ad
1162 1191 1316 1243 fauces,
1350 1190 1504 1245 quibus

157 1250 278 1302 Syria
312 1250 464 1299 aditur,
499 1253 539 1291 et
572 1249 735 1291 Dareus
770 1250 820 1291 ad
854 1265 948 1291 cum
984 1250 1135 1303 locum,
1175 1265 1298 1304 quem
1333 1249 1504 1292 Amani-

156 1324 224 1350 cas
264 1309 391 1362 Pylas
430 1312 602 1362 vocant,
647 1310 851 1364 pervenit.
926 1309 1016 1351 Nec
1056 1309 1301 1351 dubitavere
1340 1309 1503 1363 Persae,
1525 1326 1558 1350 20

157 1369 255 1421 quin
292 1367 382 1409 1550
415 1369 575 1423 relicta,
608 1385 733 1423 quam
763 1373 973 1424 ceperant,
1007 1369 1257 1410 Macedones
1290 1370 1503 1425 fugerent:

154 1443 249 1468 nam
287 1428 413 1469 etiam
448 1429 578 1470 5311011
613 1429 784 1483 quidam
819 1432 860 1469 et
892 1429 1086 1481 invalidi,
1129 1429 1201 1484 qui
1235 1443 1385 1484 agmen
1418 1443 1501 1469 non

156 1491 353 1541 poterant
379 1490 589 1542 persequi,
616 1490 781 1543 excepti
808 1492 939 1530 erant.
996 1488 1110 1537 Quos
1138 1488 1276 1529 omnis
1298 1488 1501 1531 instinctu

155 1550 485 1601 purpuratorum
538 1548 716 1589 barbara
765 1548 934 1590 feritate
979 1549 1256 1589 saevientium
1303 1549 1504 1602 praecisis

156 1606 404 1661 adustisque
437 1607 632 1649 manibus
667 1608 938 1661 circumduci,
974 1611 1021 1649 ut
1056 1608 1197 1661 copias
1232 1623 1327 1649 suas
1359 1622 1504 1650 nosce·
1526 1624 1558 1648 25

154 1669 261 1715 rent,
283 1666 469 1720 satisque
494 1667 693 1709 omnibus
715 1668 916 1722 spectatis
937 1667 1144 1719 nuntiare,
1167 1682 1273 1721 quae
1288 1666 1505 1718 vidissent,

156 1727 245 1779 regi
286 1741 362 1767 suo
397 1726 531 1767 iussit.
595 1726 725 1768 Motis
764 1741 865 1782 ergo
905 1727 1054 1768 castris
1094 1730 1266 1782 superat
1305 1726 1503 1768 Pinarum

155 1800 320 1825 amnem
368 1787 409 1827 in
454 1787 598 1841 tergis,
643 1789 689 1827 ut
735 1786 942 1830 credebat.
987 1787 1243 1839 fugientium
1289 1786 1504 1827 haesurus.

157 1844 213 1884 At
241 1844 316 1898 1111,
350 1860 530 1899 quorum
557 1848 853 1900 amputaverat
880 1860 1041 1898 manus,
1074 1846 1124 1886 ad
1153 1848 1287 1886 castra
1314 1845 1505 1886 Macedo-
1528 1847 1571 1882 21

154 1918 254 1945 num
290 1909 512 1958 penetrant
545 1905 741 1954 Dareum,
781 1908 939 1960 quanto
973 1906 1158 1946 maximo
1192 1919 1317 1947 cursu
1351 1909 1505 1958 posset,
1526 1921 1559 1945 30

157 1963 275 2017 sequi
309 1965 566 2006 nuntiantes.
629 1963 713 2005 Vix
753 1965 856 2006 fides
890 1964 1140 2005 habebatur:
1180 1965 1322 2018 itaque
1362 1978 1504 2018 specu-

252 2096 270 2124 ⁴3
299 2091 491 2127 delituisse
525 2098 556 2128 1:
598 2093 782 2128 dilituisse
812 2096 850 2127 A.
997 2099 1017 2124 ⁸
1050 2092 1256 2127 occulerent
1296 2092 1503 2127 :lc-idalius:

155 2139 358 2173 occuleriut
385 2144 423 2173 A.
548 2145 590 2175 10
618 2141 824 2176 detrectare
850 2145 883 2174 1:
911 2141 1118 2174 detractare
1146 2144 1183 2173 Δ.
1302 2140 1504 2186 certamen]

156 2188 349 2221 certamini
377 2191 402 2220 B
431 2201 472 2222 m.
493 2201 546 2232 pr.
668 2193 708 2223 15
736 2188 920 2233 Ciliciam]
948 2187 1070 2222 eiliam
1098 2191 1126 2220 V
1252 2193 1292 2222 115
1320 2189 1355 2221 et
1382 2199 1446 2221 01η.
1469 2191 1503 2221 P.

156 2238 200 2267 ⁶2⁴·
227 2234 337 2278 Pylas
368 2236 532 2270 Merula:
560 2236 657 2281 pilas·
684 2240 723 2270 A.
812 2241 849 2269 21
882 2236 956 2269 Isso
985 2236 1119 2270 Aldus:
1149 2235 1246 2269 isson
1274 2238 1311 2268 A.
1400 2246 1505 2280 cepe-

155 2283 254 2328 rant]
282 2288 476 2327 coeperant
505 2287 572 2317 BP.
703 2288 745 2318 ‘253
773 2284 904 2329 saucii]
939 2283 1048 2317 sautii
1077 2286 1102 2316 Β
1131 2296 1173 2317 m.
1198 2294 1273 2327 pon,
1300 2282 1406 2316 sauui
1432 2286 1503 2316 LV.

156 2333 198 2363 ‘24
227 2330 486 2377 saevientium]
514 2331 784 2366 seuenientium
810 2334 848 2364 V.
