1610 2522
123 117 207 159 378
629 117 668 159 Q.
697 116 840 152 CURTI
865 116 979 151 RUFt

123 226 249 268 etiam
283 227 475 281 gentium
510 226 725 267 communi
755 226 844 267 iure
870 225 1118 267 fraudetur?
1169 224 1213 267 Si
1236 224 1476 267 Alexandro

124 286 302 327 similem
347 286 567 339 quaeritis,
606 300 837 339 numquam
877 285 1114 339 reperietis:
1154 285 1186 326 si
1226 285 1479 339 proximum,

76 356 95 386 3
122 345 192 386 hic
225 345 340 386 solus
373 345 464 386 est.’
519 344 595 386 His
628 345 783 385 auditis
816 345 958 385 contio
992 345 1129 399 primo
1163 344 1378 385 silentium
1413 359 1479 385 ve-

123 406 186 445 lut
218 405 330 445 iussa
357 405 518 458 habuit,
551 405 816 445 conclamant
842 404 991 446 deinde
1017 405 1175 457 pariter
1195 402 1478 444 Arrhidaeum

123 463 359 505 vocandum
394 478 482 504 esse
509 467 774 517 mortemque
801 464 987 516 meritos,
1021 464 1093 517 qui
1121 464 1363 504 contionem
1391 463 1481 504 sine
1519 480 1534 505 5

76 535 97 564 4
124 538 172 564 eo
214 523 474 564 habuissent.
537 523 645 564 Tum
682 522 839 564 Pithon
875 523 1026 578 plenus
1066 523 1333 564 lacrimarum
1374 522 1482 564 ordi-

125 587 194 623 tur
227 583 376 632 dicere,
408 597 521 624 nunc
553 583 619 623 vel
651 583 834 623 maxime
867 582 1149 623 miserabilem
1184 596 1273 623 esse
1300 581 1481 622 Alexan-

124 642 265 695 drum,
305 643 378 695 qui
411 645 498 683 tam
532 642 741 683 bonorum
775 641 930 683 civium
963 642 1234 695 militumque
1267 640 1407 681 fructu
1441 643 1483 682 et

124 702 363 756 praesentia
397 701 619 742 fraudatus
647 704 767 742 esset.
818 700 984 742 Nomen
1013 702 1123 742 enim
1152 701 1482 754 memoriamque

78 772 97 801 5
125 761 236 816 regis
264 762 330 802 sui
356 764 521 802 tantum
550 762 766 802 intuentes
794 760 844 801 ad
873 763 1010 801 cetera
1030 761 1211 814 caligare
1232 774 1313 801 eos.
1357 759 1483 800 Haud
1504 777 1536 802 10

125 820 323 875 ambigue
361 824 451 861 tum
495 821 536 860 in
577 835 693 872 eum,
739 821 805 861 cui
848 834 1024 875 regnum
1069 819 1380 870 destinabatur,
1422 819 1483 860 in-

124 881 258 936 gessit
280 881 451 933 probra:
473 884 526 933 at,
548 894 654 934 quae
677 879 901 931 obiecerat,
922 879 1059 935 magis
1082 878 1161 933 ipsi
1185 879 1329 920 odium
1357 892 1483 932 quam

124 939 361 981 Arrhidaeo
397 942 687 993 contemptum
722 940 966 980 attulerunt.
1025 937 1192 993 Quippe
1225 938 1326 979 dum
1359 938 1482 978 mise-

79 1009 98 1038 6
125 1002 288 1052 rentur,
333 1000 462 1039 etiam
494 999 633 1039 favere
667 1001 908 1053 coeperunt.
972 997 1110 1053 Igitur
1142 1012 1226 1038 non
1259 997 1390 1038 alium
1423 1011 1485 1037 re-

126 1073 221 1113 gem
264 1074 307 1098 se
350 1073 473 1112 quam
515 1074 628 1111 eum,
674 1058 746 1112 qui
786 1058 838 1099 ad
869 1058 978 1098 hanc
1012 1071 1128 1112 spem
1161 1057 1331 1112 genitus
1365 1059 1486 1110 esset,
1508 1073 1539 1098 15

126 1133 324 1172 passuros
351 1118 558 1172 pertinaci
584 1117 891 1158 adclamatione
919 1117 1136 1158 declarant
1162 1117 1387 1170 vocarique
1409 1114 1485 1156 Ar-

81 1188 97 1217 7
126 1177 346 1218 rhidaeum
386 1177 544 1218 iubent.
609 1176 742 1226 Quem
776 1176 987 1232 Meleager
1026 1176 1205 1217 infestus
1238 1175 1485 1229 invisusque

128 1236 350 1278 Perdiccae
390 1243 559 1278 strenue
597 1236 791 1290 perducit
830 1237 873 1277 in
906 1237 1083 1291 regiam:
1127 1239 1167 1276 et
1199 1234 1355 1276 milites
1389 1234 1486 1275 Phi-

129 1296 293 1350 lippum
327 1296 639 1337 consalutatum
672 1310 813 1351 regem
849 1297 1078 1350 appellant.

82 1368 101 1395 ὅ
220 1355 413 1397 Ceterum
456 1355 560 1398 haec
594 1355 710 1410 vulgi
744 1358 833 1396 erat
866 1369 964 1407 vox,
1008 1354 1249 1409 principum
1282 1353 1364 1394 alia
1396 1367 1485 1393 sen·
1507 1355 1555 1390 23

129 1416 272 1456 tentia.
336 1415 372 1455 E
418 1415 572 1469 quibus
611 1414 766 1456 Pithon
814 1413 1037 1455 consilium
1071 1413 1296 1454 Perdiccae
1335 1412 1487 1466 exequi
1507 1428 1539 1453 ει

129 1476 270 1529 coepit
301 1478 550 1528 tutoresque
583 1474 766 1516 destinat
798 1473 886 1515 filio
920 1489 971 1515 ex
1006 1473 1178 1514 Roxane
1211 1472 1356 1513 futuro
1390 1470 1485 1512 Per-

228 1573 243 1601 1
274 1567 476 1613 communi]
504 1567 704 1601 communii
730 1571 766 1600 F.
915 1571 933 1599 2
962 1566 1170 1611 reperietis]
1203 1564 1423 1609 repperietis
1450 1567 1485 1598 P.

132 1620 150 1649 3
179 1615 315 1659 contio]
347 1615 474 1649 concio
501 1619 539 1649 V.
651 1615 768 1660 velut]
796 1614 906 1648 uelud
934 1618 969 1647 P.
1076 1618 1097 1647 4
1125 1612 1374 1657 conclamant]
1403 1622 1488 1645 con-

132 1664 311 1696 damnant
338 1667 373 1697 P.
485 1663 732 1696 Arrhidaeum
767 1663 976 1706 Zumptius:
1014 1660 1224 1694 arithdeum
1256 1663 1367 1700 BFL,
1399 1658 1487 1692 arit-

132 1711 241 1745 denm
262 1714 298 1751 P,
321 1710 504 1744 eritdeum
524 1714 563 1744 V.
650 1714 669 1743 ὁ
690 1710 897 1743 vocandum
920 1709 1055 1743 Aldus:
1077 1712 1253 1742 uocatum
1279 1710 1317 1741 A.
1403 1717 1487 1740 con-

131 1758 286 1803 tionem]
304 1758 517 1792 concionem
530 1761 569 1791 V.
641 1762 659 1791 6
676 1757 810 1791 Pithon
826 1758 1045 1791 Frobmizcsz
1060 1755 1190 1800 phiton
1206 1759 1244 1788 A.
1314 1756 1333 1788 8
1349 1753 1488 1799 fructu]

132 1806 294 1840 fructum
315 1809 455 1838 FLPV.
554 1809 592 1838 11
615 1808 695 1838 tum
718 1805 753 1838 in
777 1816 860 1839 eum
881 1805 1025 1847 scripsi:
1050 1803 1223 1837 iuuenem
1244 1805 1282 1835 A.
1376 1800 1488 1835 desti-

134 1853 306 1898 nabatur]
337 1852 590 1887 distinahatur
609 1856 644 1886 P.
738 1851 893 1897 ingessit
921 1851 1069 1895 probra,
1096 1855 1140 1885 at
1162 1850 1307 1894 scripsi:
1335 1848 1489 1893 inpense

133 1901 268 1946 probra
295 1903 333 1933 A.
441 1903 482 1933 13
511 1899 714 1933 Arrhida-eo
749 1901 958 1943 Zumptius:
995 1898 1166 1932 arithdeo
1193 1901 1231 1932 A.
1340 1900 1382 1929 14
1409 1906 1488 1930 coe-

134 1948 283 1994 perunt]
311 1952 486 1991 ceperunt
508 1951 542 1981 P.
642 1947 782 1992 regem]
810 1959 876 1981 om.
899 1950 930 1979 G.
1033 1949 1074 1979 16
1102 1944 1289 1990 passuros]
1317 1954 1488 1988 parsuros

135 2001 167 2030 c.
236 1995 437 2040 pertinaci]
464 1995 669 2038 pertinatia
696 1997 729 2028 et
753 1999 788 2027 P.
864 1993 1109 2027 Arrhidaeum
1136 1993 1346 2036 Zumptius:
1375 1990 1487 2024 arith-

135 2043 245 2078 deum
265 2046 345 2085 BV,
373 2043 556 2076 aritdeum
583 2045 685 2075 FLP.
788 2045 827 2074 17
856 2040 1000 2086 iubent]
1028 2040 1179 2074 iubeent
1201 2043 1234 2072 P.
1337 2041 1378 2072 18
1408 2038 1489 2071 Per—

135 2091 277 2136 diccae]
298 2090 472 2134 perdicae
493 2093 530 2123 F.
606 2092 753 2123 strenue
774 2092 800 2121 F
821 2100 926 2123 corr:
949 2090 1123 2121 strennue
1144 2090 1183 2120 A.
1259 2084 1489 2130 Philippum]

136 2138 348 2183 philiphum
375 2141 434 2170 BL
454 2149 586 2181 m.pr.,
612 2136 835 2181 phylippum
863 2139 899 2168 F.
1020 2139 1061 2169 19
1089 2133 1378 2178 consalutatum]
1405 2143 1491 2166 con-

137 2186 323 2220 saluatum
349 2189 392 2227 F,
420 2184 694 2219 consalut*tum
722 2187 765 2218 L.
792 2181 1066 2217 consaluattum
1088 2185 1127 2215 V.
1208 2180 1349 2225 regem]
1376 2191 1442 2214 om.
1463 2183 1492 2212 V

138 2245 248 2278 mpr.
325 2236 369 2266 ‘20
389 2232 616 2277 principum]
639 2231 860 2276 principium
876 2233 913 2270 F,
935 2229 1169 2273 principmm
1185 2231 1221 2261 B.
1292 2231 1333 2261 ‘21
1358 2227 1492 2261 Pithon

140 2281 359 2315 Frobenius:
382 2279 514 2324 phiton
535 2283 572 2314 A.
649 2278 861 2323 Perdiccae]
883 2277 1055 2321 perdicae
1076 2280 1112 2317 F,
1134 2276 1243 2320 pdice¹
1264 2278 1289 2308 P
1370 2278 1412 2308 22
1435 2276 1491 2308 tu-

138 2328 326 2374 toresque]
353 2330 566 2371 tatoresque
587 2331 614 2360 F
634 2339 678 2360 vm.
694 2338 752 2370 pr.
829 2325 886 2370 ex]
915 2337 980 2359 om.
1002 2328 1038 2358 F.
1116 2322 1346 2367 Perdiccam]
1368 2321 1492 2366 perdi-

139 2387 219 2409 cam
246 2379 280 2408 L.
