1610 2522
373 65 702 100 HISTORLARUM
732 65 1009 99 ALEXANDRI
1035 64 1113 108 1111,
1141 68 1170 98 6.
1393 65 1447 104 63

104 175 306 228 pervenit.
371 176 462 224 Quo
496 178 723 229 conspecto
758 174 895 215 Arabs
930 175 1121 228 quidam,
1162 173 1287 214 Darei
1322 173 1455 227 miles,
1486 191 1525 219 15

104 235 240 274 maius
268 235 439 275 fortuna
466 250 541 275 sua
566 235 729 276 facinus
757 248 896 287 ausus,
929 234 1117 288 gladium
1145 234 1280 288 clipeo
1308 237 1454 288 tegens

105 294 224 347 quasi
246 296 466 349 transfuga
488 294 667 349 genibus
688 294 800 349 regis
822 293 1074 335 advolvitur.
1131 292 1207 334 Ille
1228 294 1455 348 adsurgere

103 352 336 406 supplicem
380 355 597 408 recipique
640 354 750 394 inter
801 367 898 394 suos
943 353 1077 394 iussit.
1150 352 1208 394 At
1251 352 1455 394 barbarus
1485 368 1526 398 16

66 432 80 455 ε,
102 412 245 468 gladio
279 416 449 453 strenue
489 415 531 454 in
566 413 756 454 dextram
791 413 997 454 translato
1037 413 1242 454 cervicem
1277 412 1456 466 adpetiit

101 472 224 527 regis.
295 471 376 521 Qui
420 473 574 528 exigua
613 472 802 526 corporis
842 472 1124 513 declinatione
1170 473 1328 513 evitato
1369 473 1454 512 ictu

103 531 142 571 in
179 546 331 572 vanum
366 547 538 573 manum
575 531 740 573 barbari
776 533 935 586 lapsam
969 534 1163 585 amputat
1196 531 1349 586 gladio,
1390 531 1453 571 dev

101 591 295 632 nuntiato
336 591 379 631 in
412 591 532 632 illum
568 591 677 632 diem
712 591 913 646 periculo,
952 595 999 632 ut
1031 591 1319 632 arbitrabatur
1352 591 1457 645 ipse,

102 649 336 691 defunctus.
401 650 495 704 Sed,
516 655 563 692 ut
584 651 747 705 opinor,
768 651 1014 692 inevitabile
1035 654 1097 691 est
1117 652 1270 691 fatum:
1299 652 1455 704 quippe
1484 666 1525 696 17

51 729 80 753 ιο
102 709 200 750 dum
242 710 350 751 inter
390 711 596 764 primores
636 711 874 764 promptius
916 711 1106 763 dimicat,
1151 711 1307 766 sagitta
1346 711 1455 752 ictus

102 772 182 822 est,
228 784 353 823 quam
392 785 468 824 per
506 769 683 812 loricam
722 771 933 823 adactam,
972 773 1154 811 stantem
1194 771 1239 811 in
1276 769 1455 810 humero

101 828 289 874 medicus
322 830 411 870 eius
448 829 672 884 Philippus
715 829 869 870 evellit.
932 829 1148 871 Plurimus
1182 829 1331 870 deinde
1365 844 1456 869 san-
1484 845 1526 875 18

101 888 196 942 guis
230 903 400 930 manare
441 890 581 942 coepit
614 889 810 930 omnibus
843 889 1016 942 territis7
1056 890 1155 943 quia
1186 904 1285 943 non,
1327 904 1453 942 quam

102 948 184 988 alte
227 951 488 1002 penetrasset
538 948 687 1001 telum,
735 948 867 990 lorica
917 948 1114 990 obstante
1156 952 1454 1003 cognoverant.

51 1026 81 1049 15
102 1006 198 1061 Ipse
224 1022 277 1048 ne
304 1009 388 1048 oris
411 1008 580 1061 quidem
609 1008 749 1049 colore
777 1010 942 1049 mutato
965 1008 1175 1063 supprimi
1204 1009 1454 1062 sanguinem

103 1070 144 1106 et
188 1066 341 1107 vulnus
388 1066 569 1122 obligari
616 1067 750 1108 iussit.
813 1067 899 1108 Diu
944 1071 1040 1109 ante
1085 1069 1178 1122 ipsa
1222 1069 1344 1122 signa
1388 1067 1455 1108 vel
1484 1083 1524 1112 19

101 1125 366 1167 dissimulato
396 1128 461 1168 vel
489 1129 601 1168 victo
631 1127 776 1168 dolore
796 1127 1053 1181 perstiterat,
1081 1143 1176 1169 cum
1199 1142 1452 1181 suppressus

102 1185 227 1239 paulo
277 1189 372 1227 ante
415 1188 586 1241 sanguis
629 1187 789 1228 labente
837 1186 1089 1242 ligamento,
1138 1202 1221 1241 quo
1264 1190 1453 1228 retentus

104 1248 206 1297 erat,
248 1260 418 1286 manare
463 1245 623 1301 largius
667 1247 820 1300 coepit,
862 1249 904 1287 et
942 1247 1108 1300 Vulnus,
1152 1246 1264 1300 quod
1304 1251 1453 1301 tepens

48 1323 80 1346 20
101 1304 239 1345 adhuc
259 1304 446 1346 dolorem
474 1320 558 1346 11011
579 1309 781 1358 moverat,
807 1306 990 1360 frigente
1011 1306 1217 1361 sanguine
1239 1306 1453 1346 intumuit.

101 1363 257 1417 Linqui
297 1364 447 1405 deinde
486 1366 627 1406 animo
669 1368 710 1406 et
750 1365 946 1406 submitti
984 1380 1097 1421 genu
1136 1366 1286 1420 coepit,
1328 1380 1451 1419 quem
1482 1380 1525 1410 ‘20

101 1423 285 1476 proximi
337 1427 560 1478 exceptum
613 1425 655 1465 in
707 1429 843 1465 castra
894 1428 1154 1479 receperunt.
1229 1424 1287 1466 Et
1337 1425 1454 1466 Betis

31 1482 367 1524 281nte1·fectum
416 1486 532 1524 ratus
574 1484 722 1524 urbem
769 1499 897 1525 ovans
936 1485 1114 1526 victoria
1160 1485 1326 1538 repetit.
1397 1484 1454 1525 At
1482 1498 1520 1528 21

102 1541 342 1583 Alexander
392 1543 579 1584 nondum
625 1547 850 1597 percurato
896 1544 1068 1585 vulnere
1113 1559 1323 1599 aggerem,
1370 1558 1452 1598 quo

48 1619 80 1643 25
104 1601 315 1642 moenium
361 1602 628 1644 altitudinem
674 1606 889 1656 aequaret,
941 1605 1130 1644 extruxit
1174 1603 1453 1657 pluribusque

102 1660 307 1701 cuniculis
341 1676 484 1703 muros
519 1662 667 1703 subrui
699 1663 834 1704 iussit.
899 1662 1111 1717 Oppidani
1146 1663 1197 1703 ad
1224 1663 1453 1717 pristinum
1481 1676 1523 1706 ‘22

102 1720 324 1774 fastigium
351 1721 566 1762 moenium
594 1737 752 1763 novum
779 1725 1002 1763 extruxere
1030 1723 1354 1776 munimentum,
1382 1723 1454 1763 sed

103 1794 152 1824 ne
192 1779 234 1820 id
268 1780 437 1833 quidem
470 1784 608 1822 turres
641 1782 785 1836 aggeri
820 1782 1028 1836 inpositas
1061 1785 1227 1836 poterat
1260 1796 1452 1836 aequare.

102 1837 251 1892 Itaque
272 1839 474 1881 interiora
494 1855 663 1894 quoque
683 1841 799 1882 urbis
822 1841 976 1882 infesta
996 1842 1092 1882 telis
1114 1844 1244 1882 erant.
1290 1840 1453 1882 Ultima
1480 1855 1523 1885 ‘23

49 1916 83 1940 30
103 1898 236 1952 pestis
274 1898 392 1940 urbis
431 1899 512 1940 fuit
550 1900 745 1941 cuniculo
780 1901 982 1941 subrutus
1021 1915 1180 1953 murus,
1218 1915 1293 1954 per
1333 1901 1452 1942 cuius

198 2042 217 2072 2
245 2039 379 2085 maius]
407 2039 551 2084 magius
578 2044 616 2074 V.
741 2040 860 2085 clipeo
887 2046 919 2075 1:
948 2041 1078 2086 clypeo
1106 2045 1144 2075 A.
1271 2045 1288 2074 9
1316 2041 1451 2086 fatum]

103 2085 242 2120 factum
262 2090 288 2119 F
308 2099 351 2121 m.
368 2099 427 2131 pr.
448 2091 487 2122 V.
566 2092 606 2121 10
628 2088 822 2134 primores]
843 2089 1018 2132 plimores
1038 2093 1063 2122 P
1086 2102 1127 2123 m..
1144 2100 1202 2133 pr.
1281 2093 1320 2122 11
1343 2089 1452 2123 adac-

102 2134 193 2179 tam]
222 2134 396 2168 adactum
422 2139 457 2168 L.
574 2136 742 2182 humero]
769 2148 895 2170 umero
922 2141 957 2170 F.
1074 2141 1115 2170 12
1144 2135 1355 2182 Philippus]
1382 2136 1452 2181 pli-

103 2180 226 2225 lippus
246 2186 282 2214 F.
384 2186 425 2215 13
447 2183 535 2226 quia
556 2184 643 2228 non]
666 2184 753 2227 quia
774 2196 861 2218 num
878 2188 903 2217 F
919 2197 961 2218 m.
979 2197 1036 2228 pr.
1052 2188 1087 2226 L,
1109 2195 1221 2227 quam
1236 2186 1261 2216 B
1279 2196 1320 2217 m.
1339 2195 1396 2227 pr.
1411 2188 1450 2218 V.

105 2232 146 2262 18
174 2229 314 2264 labente
350 2229 553 2274 ligamento
588 2232 734 2275 scripsi:
772 2233 1043 2266 medicamento
1078 2235 1117 2265 A.
1242 2235 1284 2264 19
1312 2231 1451 2275 largius

104 2277 296 2311 Heinsius:
324 2276 471 2321 longius
498 2281 536 2311 A.
619 2280 747 2322 tepens
768 2280 978 2313 Acidalius:
1007 2282 1158 2323 stupens
1180 2282 1218 2312 A.
1296 2283 1336 2312 21
1366 2279 1449 2313 Lin-

103 2324 182 2369 qui]
209 2324 302 2367 liqui
329 2327 354 2357 P
379 2337 423 2359 m.
440 2337 498 2369 pr.
597 2330 641 2359 30
669 2325 858 2372 subrutus]
886 2326 1057 2360 subrutos
1084 2331 1108 2359 L
1138 2340 1178 2360 m.
1196 2338 1253 2370 pr.
