1610 2522
24 765 57 789 10

24 1062 58 1087 15

23 1360 56 1384 ‘20

340 100 675 135 HISTORIARUM
703 100 985 134 ALEXANDRI
1012 100 1087 143 IIII,
1118 105 1170 135 10.
1380 100 1433 141 79

78 214 141 253 est
174 225 296 252 nosse
331 213 485 252 sortem
521 225 651 251 suam.
714 209 842 263 Num,
876 211 990 264 quod
1018 210 1200 251 maxime
1228 209 1433 264 suspicor,
1461 222 1504 251 27

78 271 219 325 eloqui
253 271 395 323 timeo,
427 270 612 311 ludibria
638 285 828 311 meorum
857 271 1130 311 nuntiaturus
1164 284 1206 311 es
1240 270 1347 310 mihi
1380 272 1433 323 et,

78 333 126 371 ut
159 330 295 383 eredo,
328 330 432 384 ipsis
466 344 635 384 quoque
669 330 785 371 omni
820 330 1008 370 tristiora
1041 329 1252 384 supplicio
1266 330 1300 369 ’.θ’
1366 328 1433 369 Ad
1460 341 1504 371 28

77 390 178 430 haec
220 389 435 443 Tyriotes:
484 388 619 430 ‘Istud
668 389 838 442 quidem
889 389 1039 444 procul
1085 390 1234 442 abest',
1278 389 1432 442 inquit:

79 450 463 502 ‘quantuscumque
509 450 621 490 enim
661 449 819 504 reginis
858 449 994 489 honos
1038 449 1088 490 ab
1129 448 1213 501 his,
1253 449 1325 502 qui
1364 463 1434 502 pa-

77 511 188 561 rent,
226 508 374 550 haberi
407 511 568 563 potest,
607 509 692 549 tuis
732 524 755 549 a
787 509 947 549 victore
981 511 1172 549 servatus
1214 511 1286 550 est.
1351 506 1434 548 Sed

76 583 184 609 uxor
216 571 290 610 tua
322 568 450 622 paulo
485 571 580 609 ante
614 569 794 609 excessit
828 584 848 609 e
882 569 995 609 Vita'.
1060 567 1180 609 Tunc
1214 582 1312 609 vero
1347 582 1430 607 11011
1462 581 1503 609 211

77 628 262 683 gemitus
289 627 428 681 modo,
463 627 534 668 sed
569 627 696 668 etiam
725 627 908 668 eiulatus
934 629 1036 669 totis
1065 628 1211 669 castris
1240 627 1433 668 exaudie-

78 687 212 728 batur.
276 686 365 728 Nec
412 687 621 728 dubitavit
666 686 848 740 Dareus,
895 687 999 741 quin
1045 687 1268 728 interfecta
1313 689 1433 740 esset,

78 747 177 801 quia
197 747 415 801 nequisset
437 747 739 789 contumeliam
766 747 945 801 perpeti,
973 747 1267 801 exclamatque
1288 761 1432 787 amens

78 806 241 847 dolore:
284 805 423 855 ‘Quod
456 820 534 861 ego
568 809 734 847 tantum
767 808 885 847 nefas
919 806 1124 860 commisi,
1163 806 1433 847 Alexander?

78 881 204 920 quem
250 869 421 907 tuorum
466 867 805 920 propinquorum
852 867 1008 918 necavi,
1054 869 1101 907 ut
1146 866 1254 907 hanc
1298 866 1434 907 vicem

77 926 265 968 redderes
297 926 497 966 saevitiae
531 926 679 966 meae?
743 924 882 966 Odisti
915 941 982 967 me
1015 941 1099 967 non
1134 926 1305 980 quidem
1339 940 1433 980 pro-

77 989 272 1026 vocatus:
318 985 390 1026 sed
434 985 548 1039 finge
593 986 753 1026 iustum
794 986 989 1027 intulisse
1034 988 1076 1026 te
1121 985 1294 1039 bellum,
1338 1000 1430 1026 cum

79 1045 248 1085 feminis
283 1059 382 1100 ergo
411 1059 534 1099 agere
561 1045 811 1086 debueras?
876 1045 1072 1099 Tyriotes
1101 1045 1326 1086 adfirmare
1360 1060 1434 1098 per
1463 1055 1505 1086 30

80 1104 180 1145 deos
212 1105 374 1158 patrios
405 1104 514 1145 nihil
547 1105 589 1145 in
624 1119 714 1145 eam
749 1105 919 1160 gravius
953 1120 1042 1146 esse
1077 1106 1339 1146 consultum:
1374 1105 1432 1144 in-

75 1164 288 1219 gemuisse
338 1164 465 1204 etiam
516 1163 809 1205 Alexandrum
860 1165 988 1206 morti
1040 1168 1080 1205 et
1131 1179 1217 1205 non
1263 1165 1432 1218 parcius

77 1223 254 1278 flevisse,
287 1238 413 1277 quam
448 1224 538 1277 ipse
570 1224 819 1265 lacrimaret.
884 1222 948 1265 Ob
980 1224 1082 1265 haec
1126 1225 1217 1278 ipsa
1251 1224 1432 1265 amantis
1461 1235 1498 1265 31

76 1283 242 1324 animus
276 1283 320 1323 111
348 1283 679 1325 sollicitudinem
709 1284 1079 1338 suspicionemque
1105 1284 1324 1325 revolutus
1358 1286 1433 1337 est7

78 1342 329 1383 desiderium
363 1343 554 1397 captivae
580 1343 773 1397 profecto
807 1359 830 1383 a
856 1343 1162 1384 consuetudine
1195 1344 1332 1397 stupri
1369 1358 1433 1384 or-

77 1404 169 1442 tum
211 1417 300 1443 esse
343 1403 596 1443 coniectans.
670 1402 904 1443 Summotis
946 1404 1079 1458 igitur
1121 1403 1306 1457 arbitris,
1347 1417 1431 1443 uno
1462 1415 1501 1444 32

76 1461 299 1502 dumtaxat
325 1461 499 1514 Tyriote
524 1465 690 1503 retento
718 1463 801 1502 iam
828 1477 915 1503 11011
940 1463 1058 1515 fiens,
1091 1463 1163 1503 sed
1197 1463 1431 1517 suspirans:

77 1519 306 1566 ‘Videsne’,
339 1522 491 1575 inquit,
525 1521 726 1575 ‘Tyriote‚
764 1522 906 1563 locum
940 1523 1160 1563 mendacio
1194 1538 1281 1564 non
1314 1522 1432 1564 esse?

74 1583 286 1621 tormenta
320 1581 402 1621 iam
434 1581 505 1621 hic
537 1584 671 1635 erunt7
705 1582 776 1622 sed
810 1597 861 1622 116
895 1583 1183 1636 expectaveris
1216 1597 1292 1635 per
1319 1582 1431 1635 deos,

22 1658 36 1681 -1
76 1640 110 1680 51
152 1640 253 1694 quid
292 1640 373 1681 tibi
412 1641 474 1680 tui
513 1641 625 1695 regis
663 1642 923 1682 reverentiae
963 1644 1042 1682 est:
1083 1657 1203 1695 1111111,
1243 1642 1356 1695 quod
1391 1645 1432 1682 et

75 1699 182 1740 scire
216 1703 367 1753 expeto
407 1703 448 1740 et
481 1714 680 1753 quaerere
713 1701 855 1754 pudet,
896 1716 1021 1742 ausus
1057 1705 1119 1743 est
1159 1704 1200 1741 et
1233 1701 1430 1742 dominus

75 1762 115 1799 et
142 1759 351 1799 iuvenis‘?'
417 1758 494 1800 Ille
522 1760 761 1813 quaestioni
789 1774 942 1814 corpus
970 1761 1133 1815 offerre,
1168 1761 1267 1802 deos
1300 1764 1429 1802 testes
1458 1771 1501 1801 33

169 1939 188 1969 2
217 1934 340 1978 eloqui
368 1935 513 1980 Stangyl:
549 1938 584 1970 et
613 1936 715 1979 loqui
742 1939 781 1971 A.
904 1941 923 1970 3
950 1937 1132 1982 tristiora]
1165 1937 1364 1972 tristitiora
1390 1941 1428 1972 V.

74 1986 95 2015 4
121 1982 259 2027 inquit]
286 1982 417 2026 inquid
437 1986 476 2016 V.
562 1988 581 2017 5
609 1984 740 2029 honos]
769 1995 859 2018 onus
880 1989 905 2017 F
926 1997 1045 2029 41η.]11·.
1068 1989 1093 2018 P
1113 1997 1157 2019 m.
1174 1997 1232 2029 pr.
1321 1988 1340 2017 8
1368 1995 1429 2029 ge-

75 2030 204 2075 mitus]
231 2030 379 2074 genitus
406 2034 431 2063 P
453 2043 494 2064 m.
511 2043 570 2075 pr.
703 2032 973 2066 exaudiebatur
997 2036 1039 2066 P:
1075 2033 1370 2067 exaudiebantur
1396 2037 1427 2066 C.

75 2081 93 2110 9
122 2077 227 2123 quin]
255 2077 319 2121 qui
347 2081 378 2111 G.
520 2078 732 2125 interfecta]
758 2079 957 2114 interfacta
984 2083 1019 2114 F.
1158 2084 1199 2114 13
1226 2081 1430 2115 redderes

75 2125 158 2158 add.
180 2128 206 2158 1.
331 2124 468 2171 Odisti]
495 2126 635 2160 hodisti
655 2130 694 2160 V.
819 2131 861 2161 15
888 2131 917 2160 V
937 2132 1087 2171 propter
1113 2133 1256 2171 partem
1285 2129 1431 2162 chartae

75 2173 231 2206 avolsam
281 2184 346 2207 om.
389 2173 493 2207 rerba
531 2184 597 2217 per
636 2175 723 2208 deos
762 2186 872 2218 usque
911 2175 960 2209 ad
992 2178 1047 2218 81,
1078 2178 1120 2208 18
1155 2175 1265 2208 multi
1303 2176 1428 2209 vincti.

78 2223 117 2252 17
145 2220 308 2265 parcius]
330 2220 473 2263 partius
494 2224 520 2253 B
540 2234 653 2265 mpr.
669 2226 738 2255 ΕΙ..
816 2225 858 2255 18
885 2222 982 2268 ipsa]
1003 2222 1083 2267 ipse
1099 2226 1169 2256 BL.
1247 2227 1288 2257 19
1311 2223 1430 2267 suspi-

76 2266 307 2313 cionemque]
335 2268 652 2312 suspitionemque
673 2272 698 2302 B
718 2281 763 2303 m.
778 2282 836 2314 pr.
858 2274 928 2304 ΕΙ..
1029 2274 1071 2304 22
1098 2271 1258 2316 retento]
1285 2272 1430 2304 retenta

75 2318 99 2346 P
120 2326 164 2348 m.
180 2326 238 2358 pr.
363 2319 407 2348 23
433 2315 557 2359 inquit
577 2317 779 2351 IValchius:
807 2317 883 2350 inte
911 2321 950 2351 A.
1073 2317 1224 2362 Tyriote
1250 2322 1283 2352 1:
1314 2319 1429 2361 tyrio-

75 2364 152 2395 tum
181 2364 218 2395 A.
336 2363 544 2409 mendacio]
572 2364 760 2398 mendatio
786 2368 823 2398 F.
935 2370 977 2398 25
1005 2366 1120 2411 quod]
1148 2365 1238 2409 quid
1264 2369 1289 2398 P
1311 2378 1352 2400 m.
1368 2378 1427 2409 pr.
