1610 2522
68 241 87 270 ‘3
92 241 111 270 3

69 477 114 508 24

72 1073 116 1103 26

73 1429 116 1459 28

75 1665 119 1696 29

141 120 227 161 324
645 120 684 160 Q.
713 118 857 153 CURTI
883 118 997 153 RUFI

139 229 275 270 media
316 243 443 282 quam
486 228 695 282 principia
738 228 898 268 maiora
936 231 1045 268 sunt.
1128 227 1225 269 Non
1264 228 1367 269 alias
1406 232 1495 269 tam

139 288 277 330 alacer
309 289 467 329 clamor
499 287 551 328 ab
585 288 771 328 exercitu
802 290 865 327 est
890 286 1098 328 redditus:
1133 286 1280 328 iubent
1300 302 1397 329 eum
1423 287 1495 328 du-

140 363 233 390 cere
267 347 329 388 dis
363 347 557 388 secundis
591 360 855 400 aequareque
885 346 1033 401 gloria,
1067 360 1174 400 quos
1202 348 1496 388 aemularetur.

140 407 295 448 Laetus
340 407 406 447 his
452 406 832 447 adclamationibus
871 405 923 446 ad
956 405 1100 447 hostes
1132 407 1329 459 protinus
1363 409 1498 448 castra.

142 467 286 507 movit.
350 465 648 507 Validissimae
681 463 881 506 Indorum
920 468 1067 519 gentes
1106 468 1226 506 eraut
1261 468 1304 506 et
1338 466 1496 507 bellum
1535 481 1551 507 5

140 527 308 580 inpigre
358 525 567 580 parabant
616 525 851 578 ducemque
899 538 950 565 ex
994 524 1167 565 natione
1213 523 1495 567 Sudracarum

141 588 356 639 spectatae
395 584 566 625 virtutis
603 583 836 639 elegerant:
876 584 949 637 qui
982 583 1060 624 sub
1094 583 1306 625 radicibus
1339 584 1497 625 montis

140 647 274 686 castra
324 644 470 698 posuit
513 643 682 697 lateque
729 644 865 697 ignes,
911 647 957 684 ut
989 643 1174 697 speciem
1209 643 1496 684 multitudinis

140 707 328 759 augeret,
362 703 559 755 ostendit,
592 704 774 744 clamore
802 716 971 756 quoque
1004 717 1052 743 ac
1079 702 1145 742 sui
1172 703 1304 743 moris
1332 702 1498 744 ululatu

140 763 373 804 identidem
412 762 731 817 adquiescentes
764 761 1019 803 Macedonas
1052 762 1211 802 frustra
1242 764 1398 804 terrere
1431 776 1497 804 co-
1519 779 1552 804 ιο

95 835 109 863 ς·
140 826 276 864 natus
340 821 429 863 Iam
467 823 541 863 lux
580 821 822 875 adpetebat,
864 835 960 862 cum
999 835 1072 862 rex
1110 821 1289 862 fiduciae
1329 836 1376 862 ac
1407 821 1498 876 spei

142 883 291 937 plenus
330 882 488 922 alacres
530 881 685 922 milites
725 896 841 921 arma
880 894 1028 934 capere
1067 883 1107 921 et
1145 881 1257 921 exire
1290 882 1334 922 in
1366 881 1498 922 aciem

142 942 271 982 iubet.
335 940 417 982 Sed
450 965 506 970 -—
539 940 652 981 haud
684 940 885 993 traditur,
918 942 1090 981 metune
1123 955 1176 980 an
1209 940 1361 981 oborta
1394 940 1499 982 sedi-

142 1002 258 1042 tione
298 1001 407 1041 inter
445 1001 561 1055 ipsos
594 1025 651 1029 —
685 1000 827 1040 subito
867 1000 1149 1054 profugerunt
1184 999 1350 1041 barbari
1386 1002 1498 1041 certe

142 1066 179 1102 et
215 1061 332 1101 avios
373 1063 539 1101 montes
578 1062 619 1100 et
657 1059 870 1112 inpeditos
911 1062 1236 1113 occupaverunt.
1309 1057 1498 1108 Quorum
1519 1076 1552 1102 15

144 1135 296 1175 agmen
328 1134 401 1161 rex
434 1120 593 1160 frustra
626 1122 871 1172 persecutus
904 1119 1193 1172 inpedimenta
1226 1118 1350 1172 cepit.

232 1179 489 1220 Perventum
524 1178 673 1219 deinde
707 1181 769 1219 est
802 1178 853 1218 ad
886 1178 1093 1243 oppidum
1128 1176 1423 1230 Sudracarum,
1455 1177 1498 1218 in
1522 1181 1570 1217 18

144 1239 257 1305 quod
295 1238 488 1293 plerique
522 1238 820 1293 confugerant
862 1236 975 1277 haud
1010 1237 1168 1278 maiore
1200 1237 1356 1278 fiducia
1388 1251 1500 1278 moe-

142 1299 262 1339 nium
297 1312 424 1351 quam
458 1312 685 1338 armorum.
737 1272 826 1337 Iani
860 1297 1113 1337 admovebat
1142 1311 1225 1350 rex,
1259 1311 1355 1338 cum
1382 1298 1500 1337 vates

145 1371 318 1399 monere
351 1372 447 1398 eum
481 1357 634 1411 coepit,
666 1371 719 1397 ne
752 1356 1037 1397 committeret
1069 1359 1141 1396 aut
1174 1359 1285 1396 certe
1312 1355 1501 1397 differret
1521 1373 1554 1399 20

144 1417 428 1458 obsidionem:
461 1417 573 1457 vitae
607 1417 696 1457 eius
731 1416 964 1469 periculum
999 1415 1175 1456 ostendi.
1231 1414 1320 1456 Rex
1348 1414 1500 1455 Demo-

146 1477 353 1531 phontem
401 1502 453 1504 —
501 1476 536 1516 is
577 1490 761 1528 namque
809 1479 925 1515 vates
971 1478 1059 1515 erat
1107 1500 1159 1503 —
1206 1475 1393 1515 intuens:
1438 1472 1501 1515 eSi

145 1536 270 1590 quis’,
304 1536 461 1589 inquit,
503 1535 559 1576 ‘te
592 1535 674 1576 arti
706 1538 804 1575 tuae
844 1535 1056 1575 intentum
1095 1536 1136 1574 et
1175 1538 1270 1574 exta
1310 1536 1501 1587 spectan—

146 1599 230 1636 tem
267 1596 326 1636 sic
360 1595 615 1648 interpellet,
647 1609 734 1635 non
766 1593 968 1646 dubitem,
1002 1594 1105 1647 quin
1136 1593 1427 1634 incommodus
1454 1606 1502 1633 ac

146 1655 352 1695 molestus
392 1654 525 1695 videri
563 1654 642 1694 tibi
686 1653 850 1707 possit?
914 1653 971 1693 Et
1003 1667 1098 1694 011111
1132 1652 1203 1693 ille
1235 1653 1293 1693 ita
1326 1666 1501 1706 prorsus
1522 1669 1554 1695 25

144 1715 336 1755 futurum
378 1713 682 1767 respondisset:
727 1711 980 1764 ‘Censesue’,
1025 1713 1182 1766 inquit,
1228 1711 1383 1753 ‘tantas
1423 1726 1501 1762 res,

144 1788 230 1814 non
276 1773 484 1826 pecudum
530 1772 658 1813 fibras
703 1775 800 1813 ante
846 1773 991 1813 oculos
1033 1771 1209 1812 habenti
1242 1773 1377 1812 ullum
1409 1784 1500 1811 esse

242 1905 260 1934 2
276 1900 407 1935 iubent
421 1912 504 1934 eum
521 1901 654 1934 ducere
668 1902 814 1944 scripsi:
832 1899 1040 1934 iubentium
1056 1899 1206 1934 duceret
1221 1902 1259 1932 A.
1324 1901 1343 1932 3
1365 1909 1499 1942 aequa-

145 1959 258 1993 reque
278 1950 424 1992 scripsi:
453 1950 705 1992 aequaretque
726 1951 765 1982 A.
865 1953 883 1979 fi
912 1947 1175 1992 Sudracarum]
1204 1946 1442 1980 sadracarum
1464 1950 1499 1980 P.

147 2000 168 2031 8
189 1997 308 2042 ignes]
330 1995 428 2040 ignis
449 2000 485 2029 F.
563 1996 737 2040 speciem]
761 1996 917 2039 spetiem
937 1998 974 2028 F.
1057 1998 1098 2028 10
1122 1993 1358 2039 Macedonas]
1380 2003 1499 2028 mace-

147 2045 261 2078 dones
276 2048 302 2076 F
316 2055 428 2088 mpr.
490 2047 528 2076 11
546 2043 718 2088 fiduciae]
735 2043 888 2076 fidutiae
899 2046 939 2076 V.
1004 2046 1045 2075 13
1062 2041 1161 2075 haud
1178 2041 1272 2075 Acie!
1299 2042 1386 2075 Iius:
1409 2043 1450 2074 ut
1460 2044 1499 2074 A.

149 2096 190 2125 15
211 2096 249 2125 et
270 2091 370 2125 avios
390 2092 535 2135 >cripsiz
565 2091 668 2124 auios
689 2094 728 2123 A.
789 2094 830 2124 16
852 2089 964 2134 cepit]
988 2089 1111 2132 coepit
1130 2092 1190 2121 BF
1204 2100 1292 2123 corr.
1310 2092 1345 2121 P.
1399 2092 1439 2122 17
1461 2088 1499 2122 in

147 2139 246 2183 quod
265 2143 298 2171 I:
326 2138 363 2172 id
391 2149 464 2181 quo
490 2141 529 2171 A.
636 2141 678 2172 18
706 2137 965 2182 confugerant]
994 2136 1237 2179 confugerent
1263 2139 1289 2168 F
1311 2147 1353 2169 m.
1373 2147 1427 2180 pr.

147 2186 263 2232 haud]
280 2189 344 2219 aut
358 2190 392 2219 P.
461 2185 610 2230 fiducia]
626 2185 758 2219 fidutia
772 2188 807 2218 P.
877 2189 921 2218 20
936 2184 1072 2229 coepit]
1089 2183 1213 2227 caepit
1227 2187 1263 2225 F,
1279 2183 1379 2229 cepit
1393 2187 1428 2217 Ρ.

148 2245 193 2267 ne
220 2237 252 2267 1:
281 2244 347 2267 nec
373 2236 412 2267 A.
494 2237 536 2266 22
565 2233 657 2278 erat]
686 2234 792 2266 erant
817 2235 856 2265 V.
950 2235 993 2264 23
1021 2231 1119 2276 quis]
1146 2231 1235 2274 quid
1264 2235 1290 2263 F
1313 2243 1354 2265 m.
1375 2242 1428 2274 pr.

148 2281 287 2325 inquit]
315 2281 447 2324 inquid
474 2284 500 2313 F
522 2292 638 2324 mpr.
660 2284 729 2313 LP.
855 2280 1086 2323 spectantem
1114 2282 1146 2311 1:
1174 2280 1434 2322 expectantem
1461 2281 1500 2312 A.

149 2333 193 2362 ‘24
221 2329 289 2373 sic]
317 2339 384 2362 sua
410 2332 444 2369 P,
472 2328 521 2362 sit
546 2331 585 2361 V,
709 2331 752 2361 25
779 2327 910 2372 possit]
938 2328 1061 2370 posset
1088 2329 1112 2358 L
1134 2337 1176 2359 m.
1196 2337 1251 2369 pr.
1376 2329 1419 2358 26
1445 2325 1501 2358 in—

149 2376 246 2421 quit]
272 2375 404 2419 inquid
430 2379 465 2409 P.
564 2379 607 2408 27
635 2374 804 2420 habenti]
831 2374 957 2408 abenti
983 2377 1019 2407 P.
1117 2372 1250 2419 ullum]
1278 2371 1384 2406 illum
1411 2376 1442 2405 c.
