1610 2522
77 225 118 254 16

77 642 116 672 17

78 1001 118 1029 1⁸

148 102 204 142 48
646 104 685 143 Q.
715 101 857 136 (V'URTI
887 101 996 136 RUFI

147 210 228 252 Sed
269 213 365 252 ante
399 210 589 253 iacienda
624 211 754 252 moles
795 215 895 263 erat,
935 226 1042 266 quac
1075 212 1310 253 continenti
1350 211 1496 253 urbem
1521 214 1570 250 10

147 271 444 313 committeret.
509 269 665 326 Ingens
705 286 806 326 ergo
846 271 999 312 animis
1042 270 1225 312 militum
1261 270 1499 325 desperatio

147 330 321 372 incessit
350 330 622 372 cernentibus
650 330 909 385 profundum
946 345 1071 382 mare,
1105 331 1218 384 quod
1253 330 1322 371 vix
1358 330 1501 372 divina

147 404 225 444 ope
266 393 409 444 posset
449 390 618 443 inpleri:
665 405 772 444 quae
817 405 917 431 saxa
962 393 1047 431 tam
1093 394 1224 444 vasta,
1270 404 1374 444 quas
1414 393 1498 431 tam

145 464 343 504 proceras
394 449 567 490 arbores
618 464 741 504 posse
792 449 996 504 reperiri?
1050 449 1358 491 exhauriendas
1409 463 1498 490 esse
1537 466 1552 492 5

146 510 353 565 regiones,
396 512 443 550 ut
486 508 591 551 illud
634 509 820 564 spatium
863 512 1207 565 exaggeraretur:
1254 511 1499 550 exaestuare

146 584 313 623 semper
345 568 515 622 fretum,
555 583 724 624 quoque
757 570 889 610 artius
924 570 1138 610 volutetur
1177 569 1286 610 inter
1318 567 1499 610 insulam

147 632 189 669 et
228 629 539 684 continentem,
578 628 659 671 hoc
698 629 835 670 acrius
876 629 1024 670 furere.
1090 628 1147 669 At
1179 628 1250 669 ille
1283 628 1501 682 haudqua-

147 703 272 742 quam
308 689 425 730 rudis
452 689 738 744 pertractandi
774 688 977 730 militares
1011 689 1174 729 animos
1202 689 1382 743 speciem
1418 687 1497 728 sibi

147 747 343 790 Herculis
385 749 430 790 in
469 763 616 789 somno
657 747 843 790 oblatam
890 763 979 789 esse
1018 749 1269 802 pronuntiat
1308 748 1496 788 dextram
1523 764 1554 789 ιο

146 809 424 864 porrigentis:
458 808 531 850 illo
566 808 683 861 duce,
723 807 797 849 illo
831 809 1046 863 aperiente
1087 807 1129 848 in
1164 808 1309 848 urbem
1346 809 1500 848 intrare

147 883 190 908 se
218 868 368 909 visum.
423 867 540 909 Inter
565 867 668 909 haec
696 869 992 909 caduceatores
1019 868 1280 920 interfectos,
1307 867 1499 922 gentium

147 928 240 968 iura
274 927 432 969 violata
459 927 686 969 referebat:
719 943 846 969 unam
880 942 969 968 esse
1000 926 1159 981 urbem,
1193 941 1299 981 quae
1332 940 1499 967 cursum

147 987 322 1028 victoris
355 988 511 1029 morari
546 1002 647 1028 ausa
681 991 801 1028 esset.
865 986 1056 1028 Ducibus
1097 987 1246 1028 deinde
1280 985 1497 1042 negotium

148 1047 291 1101 datur,
342 1050 387 1088 ut
439 1062 537 1088 suos
591 1048 769 1102 quisque.
822 1047 1019 1102 castiget,
1071 1048 1259 1101 satisque
1304 1045 1501 1087 omnibus
1525 1062 1556 1086 15

148 1106 382 1148 stimulatis
428 1121 535 1161 opus
582 1121 704 1148 orsus
751 1110 824 1148 est.
895 1105 1052 1161 Magna
1099 1107 1160 1148 vis
1207 1120 1407 1147 saxorum
1450 1104 1502 1145 ad

149 1181 320 1208 manum
379 1170 469 1208 erat
519 1166 633 1220 Tyro
685 1166 839 1208 Vetere
889 1166 1138 1221 praebente,
1194 1165 1393 1206 materies
1451 1179 1499 1205 ex

148 1226 310 1268 Libano
337 1229 482 1267 monte
508 1227 673 1268 ratibus
701 1230 741 1267 et
763 1225 952 1268 turribus
978 1226 1181 1267 faciendis
1203 1224 1502 1266 advehebatur.

147 1285 322 1340 Iamque
360 1301 384 1327 a
422 1286 555 1327 fundo
595 1286 722 1327 maris
765 1288 808 1327 in
841 1285 1109 1327 altitudinem
1150 1285 1358 1326 modicam
1395 1298 1502 1339 opus

146 1348 347 1399 creverat,
373 1346 562 1387 nonduin
586 1349 727 1387 tamen
755 1360 887 1400 aquae
914 1345 1134 1400 fastigium
1157 1344 1378 1399 aequabat,
1405 1358 1498 1386 cum
1522 1359 1556 1384 20

147 1405 265 1459 Tyrii
281 1406 422 1460 parvis
440 1406 621 1461 navigiis
641 1405 823 1447 admotis
838 1420 914 1460 per
925 1405 1156 1446 ludibrium
1177 1403 1503 1459 exprobrabant,

146 1465 244 1507 illos
279 1467 407 1506 armis
435 1464 605 1507 inclitos
640 1466 766 1508 dorso
800 1466 911 1507 sicut
935 1467 1124 1506 iumenta
1158 1479 1286 1506 onera
1319 1467 1502 1519 gestare:

147 1525 471 1579 interrogabant
510 1525 657 1578 etiam,
702 1540 802 1566 num
846 1526 981 1566 maior
1018 1523 1222 1579 Neptuno
1262 1522 1504 1565 Alexander

149 1588 270 1626 esset.
311 1584 426 1626 Haec
450 1585 542 1639 ipsa
564 1585 787 1626 insectatio
809 1584 1071 1626 alacritatem
1093 1583 1278 1626 militum
1301 1581 1502 1624 accendit.

149 1643 322 1699 Iamque
350 1644 523 1699 paulum
553 1644 685 1686 moles
712 1659 822 1699 aqna
848 1644 1073 1696 eminebat,
1107 1646 1148 1685 et
1179 1644 1308 1684 simul
1334 1643 1503 1698 aggeris
1526 1646 1570 1681 11

147 1704 330 1745 latitudo
377 1704 593 1746 crescebat
643 1704 825 1759 urbique
870 1703 1194 1757 admovebatur,
1244 1716 1337 1744 cum
1384 1700 1500 1755 Tyrii
1524 1719 1556 1743 -26

148 1764 440 1819 magnitudine
475 1763 613 1817 molis,
646 1765 765 1805 cuius
794 1765 1098 1805 incrementum
1127 1777 1198 1804 eos
1231 1765 1355 1804 antea
1387 1761 1502 1801 fefel-

147 1823 265 1877 lerat,
305 1827 533 1878 conspecta
572 1823 737 1865 levibus
777 1824 959 1879 navigiis
1000 1823 1185 1864 nondum
1228 1821 1501 1862 commissum

245 1946 260 1975 1
285 1943 370 1975 ante
385 1954 450 1975 nm.
467 1946 504 1975 D.
576 1946 595 1975 :2
617 1941 882 1987 committeret]
899 1941 1130 1975 commiteret
1144 1943 1179 1974 P.
1249 1938 1382 1972 animis
1397 1941 1430 1971 1:

147 1989 290 2023 animos
318 1992 391 2022 An.
468 1989 681 2033 desperatio
707 1993 752 2022 D:
781 1988 985 2033 disperatio
1012 1991 1050 2022 A.
1130 1992 1149 2021 5
1176 1986 1345 2031 reperiri]
1373 1996 1503 2029 reppe—

146 2037 210 2070 riri
231 2040 302 2070 DP.
379 2036 651 2071 exhauriendas
672 2037 766 2081 esse]
788 2036 1034 2071 exauriendas
1055 2038 1152 2069 esset
1171 2039 1205 2068 1..
1282 2038 1301 2066 ὃ
1323 2033 1502 2078 spatium]

147 2084 313 2128 spacium
344 2087 416 2117 PV.
516 2084 821 2130 exaggeraretur]
849 2086 1110 2126 exageraretur
1141 2086 1178 2116 D.
1279 2085 1296 2114 ’ἲ
1326 2080 1502 2126 insulam]

147 2133 292 2165 insuam
319 2135 357 2164 V.
459 2136 478 2165 9
506 2132 703 2177 militares!
731 2132 904 2166 militaris
925 2136 962 2165 D.
1065 2134 1105 2165 10
1133 2130 1278 2175 somno]
1305 2139 1444 2162 sommo
1465 2131 1502 2170 B,

148 2190 291 2214 summo
318 2183 353 2212 L.
455 2185 492 2214 11
522 2180 763 2225 porrigentis]
790 2179 988 2224 porrientis
1015 2183 1052 2212 Ι).
1154 2183 1195 2213 14
1223 2176 1329 2257 ausa}
1356 2176 1435 2210 ansi
1463 2180 1501 2209 D.

150 2232 189 2261 17
219 2226 436 2272 praebente}
476 2227 630 2271 praebet
659 2227 691 2261 ei
722 2232 766 2269 Ι),
799 2227 1033 2271 praebente*
1051 2229 1086 2260 P.
1186 2229 1230 2259 22
1258 2224 1423 2269 incitos]
1450 2223 1503 2257 in-

147 2275 265 2319 clytos
286 2277 424 2308 BDLP.
502 2280 545 2310 ‘25
573 2275 686 2321 aqua]
713 2286 832 2318 aquae
860 2277 921 2308 ΠΒ
947 2287 991 2309 m.
1013 2286 1076 2309 sec.
1098 2277 1122 2307 P
1150 2286 1192 2307 m.
1213 2284 1279 2307 rec.
1368 2274 1410 2305 ‘26
1439 2271 1503 2304 ad-

147 2323 364 2357 movebatur
395 2322 534 2357 Lauer:
564 2322 862 2357 admonebantur
888 2325 961 2356 An.
1063 2325 1104 2355 *27
1140 2319 1398 2365 magnitudine
1425 2322 1502 2352 111²:

148 2369 443 2415 magnitudinem
472 2375 503 2404 C.
