1610 2522
353 80 685 116 HISTORIARUM
713 80 993 114 ALEXANDRI
1025 80 1098 123 VH,
1127 85 1156 114 6.
1181 84 1210 114 7.
1373 80 1449 121 231

108 191 353 232 defectionis
375 190 726 244 adprobantibus:
759 190 878 244 sequi
900 192 1040 230 tamen
1068 189 1332 243 videbantur,
1359 189 1456 244 quia

108 251 333 305 prohibere
365 264 450 291 11011
483 252 690 304 poterant.
741 248 917 290 Interim
944 248 1186 289 Alexander
1218 249 1269 289 ad
1296 248 1458 289 Tanain
1487 260 1529 289 25

107 325 271 352 amnem
298 309 407 351 redit
434 311 487 362 et,
513 312 719 363 quantum
747 309 826 350 soli
848 311 1128 362 occupaverat
1149 309 1310 363 castris,
1337 323 1458 349 muro

107 369 402 411 circumdedit:
448 381 507 409 Lx
553 369 785 410 stadiorum
831 368 948 409 urbis
992 382 1136 409 murus
1181 368 1274 409 fuit.
1338 367 1460 408 Hanc

73 448 86 473 5
109 444 277 483 quoque
327 429 474 470 urben]
520 428 821 469 Alexandriam
874 427 1079 482 appellari
1124 428 1260 468 iussit.
1342 428 1458 482 Opus
1486 440 1529 469 26

107 491 226 530 tanta
258 487 473 530 celeritate
505 488 741 542 perfectum
775 490 849 541 est,
888 490 935 528 ut
966 499 1064 527 XVII
1098 487 1176 540 die,
1209 502 1335 540 quam
1369 502 1460 528 mu-

108 549 294 590 nimenta
327 548 509 588 excitata
541 550 672 600 erant,
704 550 815 588 tecta
849 562 1016 601 quoque
1049 546 1166 587 urbis
1195 546 1461 588 absolveren-

108 611 185 648 tur.
248 606 402 661 Ingens
441 607 626 648 militum
666 609 879 647 certamen
916 608 1027 648 inter
1066 606 1181 660 ipsos
1214 606 1369 659 fuerat,
1414 609 1461 646 ut

108 682 230 708 81111111
265 667 444 721 quisque
476 681 629 707 munus
664 691 718 695 ——
751 681 848 707 nam
877 666 1058 706 divisum
1085 668 1175 707 erat
1207 690 1262 694 —-
1296 666 1460 720 primus

55 748 87 772 10
109 726 360 768 ostenderet.
417 725 584 767 Incolae
611 740 744 766 novae
777 725 873 766 urbi
907 726 994 766 dati
1027 725 1198 779 captivi,
1232 740 1337 779 quos
1371 726 1461 766 red-
1489 738 1530 767 '27

37 971 87 1006 29

56 1045 87 1069 15

57 1343 90 1367 20

108 787 196 827 dito
240 786 376 840 pretio
423 786 606 826 dominis
650 785 865 826 liberavit:
918 799 1100 839 quorum
1146 785 1306 838 posteri
1349 799 1463 826 nunc

109 860 278 900 quoque
310 860 394 886 non
429 845 540 899 apud
573 859 644 886 eos
673 848 756 885 tam
786 846 915 899 longa
941 847 1077 886 aetate
1104 847 1279 898 propter
1305 858 1462 885 memo-

107 906 214 946 riam
248 904 479 946 Alexandri
512 905 799 946 exoleverunt.

198 963 255 1005 At
287 979 359 1006 rex
393 964 662 1018 Scytharum,
699 964 817 1006 cuius
850 966 941 1004 tum
974 964 1086 1004 ultra
1119 963 1292 1004 Tanaim
1330 964 1459 1018 impe·
1480 969 1542 1002 Vn

109 1025 219 1065 rium
253 1026 353 1077 erat,
385 1027 501 1065 ratus
535 1038 625 1064 eam
658 1024 818 1076 urbem,
852 1038 979 1077 quam
1011 1024 1055 1064 in
1088 1023 1180 1077 ripa
1211 1023 1348 1064 amnis
1376 1022 1463 1064 Ma-

110 1083 289 1125 cedones
333 1083 627 1136 condiderant,
672 1083 760 1124 suis
805 1083 1035 1137 inpositam
1080 1097 1170 1124 esse
1216 1082 1463 1135 cervicibus,

109 1142 297 1195 fratrem,
330 1142 568 1184 Carthasim
596 1143 779 1195 nomine,
811 1157 906 1184 cum
933 1157 1089 1197 magna
1116 1142 1307 1196 equitum
1336 1157 1463 1183 manu

109 1203 225 1243 misit
257 1202 308 1242 ad
341 1202 590 1244 diruendam
624 1217 714 1243 eam
743 1202 976 1256 proculque
1003 1216 1124 1243 amne
1152 1201 1463 1243 submovendas

110 1261 386 1302 Macedonum
445 1262 599 1315 copias.
679 1261 930 1303 Bactrianos
981 1261 1135 1302 Tanais
1186 1261 1237 1302 ab
1281 1261 1463 1315 Scythis,
1491 1276 1510 1304 2

111 1335 216 1374 quos
250 1321 495 1375 Europaeos
528 1324 693 1374 vocant,
735 1321 898 1373 dividit,
931 1321 1042 1362 idem
1075 1320 1222 1361 Asiam
1258 1323 1298 1361 et
1330 1320 1463 1361 Euro-

110 1395 206 1434 pam
250 1381 348 1421 finis
388 1381 607 1422 interfluit.
673 1380 869 1421 Ceterum
904 1380 1158 1435 Scytharum
1203 1394 1306 1434 gens
1352 1380 1466 1421 haud
1493 1394 1512 1423 3

110 1441 259 1493 procul
297 1440 475 1481 Thracia
517 1440 597 1481 sita
641 1440 694 1480 ab
740 1440 902 1481 oriente
947 1440 999 1481 ad
1043 1441 1375 1494 septentrionem
1422 1454 1465 1480 se

112 1499 237 1540 vertit
272 1498 664 1554 Sarmatarumque,
698 1502 744 1540 ut
777 1499 948 1553 quidam
982 1499 1212 1552 credidere,
1255 1513 1342 1540 non
1373 1499 1465 1539 fini-

111 1558 227 1612 tima,
260 1559 331 1600 sed
363 1573 459 1612 pars
493 1562 566 1600 est.
617 1559 751 1601 Recta
783 1559 932 1600 deinde
964 1559 1136 1614 regione
1170 1558 1326 1600 saltum
1353 1559 1466 1600 ultra
1493 1574 1512 1603 4

58 1638 91 1663 <25
112 1617 267 1659 Istrum
299 1618 504 1659 iacentem
537 1618 656 1672 colit,
695 1618 846 1660 ultima
878 1618 1022 1671 Asiae,
1055 1633 1138 1672 qua
1170 1618 1323 1659 Bactra
1356 1621 1466 1670 sunt,

113 1677 296 1732 stringit.
359 1677 586 1731 Habitant,
631 1693 737 1732 quae
783 1677 1063 1732 septentrioni
1106 1678 1308 1732 propiora
1349 1680 1465 1719 sunt:

208 1774 227 1804 2
257 1771 319 1816 ad]
341 1772 380 1804 at
399 1774 423 1804 L
447 1783 488 1804 m.
505 1783 575 1815 pr..
605 1782 626 1804 a
646 1774 685 1804 V.
761 1771 903 1805 Tanain
924 1774 965 1804 P:
992 1770 1135 1805 tanaim
1157 1775 1188 1804 C.
1266 1774 1285 1804 3
1307 1782 1465 1815 occupa-

113 1819 215 1851 verat
244 1819 364 1863 Vosselz
393 1820 667 1862 occupauerant
692 1821 731 1852 A.
831 1823 850 1852 5
877 1817 1158 1863 Alexandriam]
1187 1818 1404 1852 alexandria
1424 1822 1463 1851 V.

114 1869 133 1898 6
155 1866 208 1912 ut]
225 1867 262 1899 et
275 1869 300 1898 P
320 1878 364 1900 m.
387 1879 438 1909 pr.
515 1867 641 1910 quam}
663 1870 784 1909 quac.
860 1870 881 1900 8
901 1866 1038 1911 fuerat]
1059 1865 1254 1900 fue1·a*tP.
1331 1870 1349 1900 9
1373 1866 1465 1899 divi-

114 1914 208 1959 sum]
231 1913 354 1947 diuisu
375 1917 410 1947 F.
483 1918 521 1947 11
544 1914 679 1959 pretio]
699 1913 783 1958 poio
797 1917 832 1947 P.
905 1917 946 1947 12
967 1913 1199 1958 memoriam]
1221 1913 1409 1948 miseriam
1429 1917 1464 1947 P.

115 1963 158 1994 14
180 1960 416 2007 Scytharum]
432 1960 633 1994 scitharum
655 1967 675 1994 C
698 1961 891 2007 [scitarum
905 1962 960 2007 V].
1037 1965 1078 1995 17
1102 1959 1326 2005 Carthasim]
1349 1963 1467 1995 carta-

115 2007 184 2041 sim
198 2012 236 2042 V.
314 2011 356 2042 18
377 2008 611 2054 diruendam]
629 2009 864 2053 diripendam
878 2012 914 2042 F.
938 2008 1184 2052 dirupendam
1204 2012 1244 2042 V.
1314 2004 1357 2043 19
1381 2008 1466 2052 Scy-

114 2055 189 2089 this
210 2059 242 2089 1:
271 2055 399 2090 scithis
420 2059 459 2089 A.
536 2059 579 2089 20
606 2056 711 2102 quos]
742 2056 840 2100 quod
859 2060 883 2089 L
907 2068 949 2090 m.
965 2067 1024 2100 pr.
1098 2055 1309 2100 Europaeos
1330 2056 1465 2090 Aldus:

116 2113 294 2147 europeas
306 2106 344 2137 A.
409 2107 450 2137 21
468 2103 705 2150 Scytharum]
722 2103 925 2138 scitharum
937 2108 958 2137 G
974 2102 1220 2149 [schitharum
1234 2104 1286 2149 L].
1351 2103 1465 2149 haud]

116 2152 181 2184 aut
194 2153 234 2184 V.
285 2154 328 2184 22
344 2150 518 2196 Thracia]
533 2151 652 2185 tracia
664 2156 695 2185 C.
749 2151 812 2196 ab]
828 2151 875 2185 ad
891 2155 925 2184 P.
984 2150 1290 2196 septentrionem]
1307 2153 1465 2195 septem-

116 2197 275 2231 trionem
299 2201 334 2231 P.
434 2202 476 2231 23
505 2198 674 2244 quidam]
708 2198 859 2242 quidem
885 2202 924 2232 V.
1018 2197 1223 2244 credidere]
1252 2198 1400 2232 credere
1425 2201 1465 2232 V.

118 2248 161 2278 24
181 2245 347 2291 regione]
362 2245 551 2291 regionem
565 2249 601 2279 P.
665 2246 800 2280 saltum
816 2246 975 2290 Jeepz'us:
998 2245 1112 2279 alium
1128 2248 1166 2278 A.
1234 2249 1276 2279 25
1293 2256 1366 2290 qua
1382 2247 1466 2280 Aci-

117 2291 257 2326 dalius:
279 2303 374 2336 quae
394 2296 432 2327 A.
507 2293 658 2339 Bactra]
678 2293 836 2328 bacthra
847 2297 881 2326 P.
959 2296 1002 2326 26
1024 2292 1286 2339 septentrioni]
1307 2294 1466 2337 septem-

117 2339 238 2374 trione
257 2344 282 2374 P
296 2351 341 2374 m.
350 2351 410 2385 pr.
484 2340 658 2385 propiora
679 2346 711 2375 1:
737 2341 888 2385 propria
906 2344 944 2382 P,
962 2340 1135 2385 propriae
1150 2343 1188 2381 V,
1209 2340 1342 2385 propia
1362 2343 1466 2374 BFL.
