1610 2522
50 778 83 802 10

50 1670 82 1695 25

49 1373 63 1397 2
103 1358 350 1397 contentum
401 1369 444 1395 se
495 1355 596 1396 fore.
672 1354 736 1394 Ne
780 1354 1012 1407 dubitaret,
1064 1352 1176 1407 quod
1223 1353 1456 1406 offerretur,

356 113 687 148 Hls'rwh‘isxlva
719 112 995 146 ALEXANDRI
1025 111 1101 151 1111,
1129 115 1158 144 4.
1182 117 1212 144 ι’).
1401 111 1454 150 57

106 225 157 267 ab
193 224 388 279 Agenore
428 223 498 264 diu
532 238 645 264 mare
688 236 771 263 non
806 221 990 263 vicinum
1028 221 1164 273 modo,
1204 220 1288 273 sed,
1328 219 1457 273 quod-

108 299 288 339 cumque
321 285 475 325 classes
509 283 598 323 eius
631 282 838 335 adierunt,
872 281 1050 323 dicionis
1083 294 1182 321 suae
1213 280 1324 320 fecit.
1390 279 1458 332 Et,

106 344 139 385 si
181 345 317 385 famae
355 343 460 383 libet
498 342 684 394 credere,
723 342 827 383 haec
866 355 968 395 gens
1006 341 1171 381 litteras
1208 339 1347 393 prima
1384 342 1458 379 aut

106 403 252 446 docuit
296 405 368 443 aut
413 401 570 442 didicit.
647 400 847 442 Coloniae
894 402 1005 441 certe
1050 399 1140 440 eius
1179 413 1311 453 paene
1356 398 1456 439 orbe

105 466 197 504 toto
244 462 420 503 diffusae
466 463 580 502 sunt:
634 460 846 515 Carthago
892 460 936 500 in
981 459 1145 511 Africa,
1191 458 1233 499 in
1279 458 1457 499 Boeotia

105 522 286 575 Thebae,
321 521 457 562 Gades
489 521 540 562 ad
568 520 792 561 Oceanum.
858 518 992 560 Credo
1019 518 1154 560 libero
1183 520 1455 560 conmeantes
1485 532 1528 561 20

107 583 212 623 mari
268 582 520 635 saepiusque
578 580 769 620 adeundo
828 580 977 621 ceteris
1031 578 1271 633 incognitas
1322 580 1457 618 terras

105 642 283 697 elegisse
329 641 447 681 sedes
493 640 719 692 iuventuti,
765 654 847 693 qua
892 641 994 680 tunc
1038 637 1324 691 abundabant,
1370 638 1458 678 sive

105 702 204 756 quia
238 700 395 741 crebris
430 699 617 741 motibus
656 701 791 740 terrae
828 724 878 726 ῳ
913 713 1010 739 nam
1049 697 1130 739 hoc
1163 711 1334 751 quoque
1375 698 1456 737 tra*

104 761 218 801 ditur
251 785 304 788 —
339 759 522 801 cultores
562 759 651 799 eius
684 758 854 813 fatigati
888 772 997 799 nova
1036 760 1077 798 et
1109 760 1283 798 externa
1325 756 1458 797 domi-

103 820 199 861 cilia
231 819 359 861 armis
400 819 569 859 sibimet
603 832 803 871 quaerere
837 817 1108 872 cogebantur.
1172 816 1322 857 Multis
1355 830 1456 870 ergo
1485 830 1525 859 :21

104 879 272 921 casibus
301 879 498 920 defuncta
531 880 573 918 et
604 880 702 931 post
729 876 939 918 excidium
969 879 1114 918 renata
1146 890 1259 917 nunc
1286 875 1456 916 tandem

103 939 231 994 longa
264 953 364 993 pace
392 940 544 979 cuncta
570 936 787 978 refovente
821 936 898 977 sub
932 937 1068 977 tutela
1094 935 1310 976 Romanae
1344 949 1458 976 man-

103 998 342 1039 suetudinis
375 997 621 1051 adquiescit.

221 1057 359 1098 Isdem
401 1058 532 1098 ferme
575 1056 722 1097 diebus
765 1054 892 1097 Darei
940 1055 1109 1096 litterae
1150 1054 1314 1095 adlatae
1358 1056 1458 1094 sunt
1478 1060 1509 1093 V

103 1117 273 1159 tandem
308 1119 355 1158 ut
386 1116 477 1172 regi
505 1116 696 1170 scriptae.
762 1115 952 1168 Petebat,
984 1115 1047 1156 uti
1081 1114 1213 1155 filiam
1246 1128 1366 1154 suam
1400 1139 1456 1142 —‘

104 1176 286 1218 Statirae
320 1180 409 1217 erat
441 1190 595 1217 nomen
629 1201 685 1204 —
718 1175 880 1230 nuptiis
914 1174 1156 1216 Alexander
1196 1174 1278 1215 sibi
1311 1173 1457 1214 adiun—

103 1239 237 1292 geret:
266 1236 407 1278 dotem
434 1236 526 1276 fore
547 1250 716 1277 omnem
743 1235 962 1290 regionem
990 1234 1101 1275 inter
1127 1232 1455 1287 Hellespontum

102 1299 143 1337 et
164 1296 306 1350 Halyn
321 1310 485 1336 amnem
501 1296 639 1348 sitam,
665 1294 763 1335 inde
785 1294 989 1335 orientem
1014 1293 1306 1348 spectantibus
1332 1293 1457 1334 terris

1485 1367 1503 1395 [ὗ

105 1415 310 1469 accipere:
343 1429 576 1468 numquam
604 1414 676 1454 diu
704 1413 850 1454 eodem
877 1412 1058 1468 vestigio
1087 1415 1199 1453 stare
1224 1412 1455 1464 fortunam,

103 1489 352 1529 semperque
366 1473 573 1526 homines,
595 1476 981 1527 quantamcumque
995 1472 1245 1513 felicitatem
1261 1471 1458 1525 habeant,

102 1534 305 1575 invidiam
332 1536 475 1574 tamen
504 1533 659 1574 sentire
686 1532 903 1573 maiorem.
966 1531 1116 1572 Vereri
1144 1546 1200 1584 se,
1234 1546 1286 1571 ne
1314 1531 1455 1572 avium
1484 1544 1503 1573 3

102 1593 246 1646 modo,
286 1607 390 1646 quas
430 1593 635 1633 naturalis
675 1592 826 1633 levitas
867 1594 1012 1646 ageret
1050 1591 1103 1631 ad
1142 1590 1297 1642 sidera,
1340 1590 1456 1631 inani

104 1667 150 1693 ac
183 1652 337 1706 puerili
371 1655 511 1693 mente
538 1666 581 1692 se
609 1652 793 1692 efferret:
826 1651 936 1692 nihil
961 1649 1180 1691 difficilius
1208 1664 1297 1691 esse
1331 1665 1455 1703 quam

104 1712 146 1753 in
180 1711 253 1753 illa
286 1715 422 1752 aetate
455 1714 618 1752 tantam
653 1725 800 1765 capere
827 1711 1056 1752 fortunam.
1119 1709 1279 1750 Multas
1312 1724 1354 1750 se
1388 1709 1457 1750 ad·
1484 1722 1503 1752 4

103 1772 186 1813 huc
218 1771 419 1824 reliquias
446 1770 601 1812 habere
634 1785 710 1812 nec
738 1785 906 1824 semper
939 1770 1050 1811 inter
1076 1770 1297 1824 angustias
1330 1783 1457 1823 posse

104 1831 379 1885 deprehendi:
432 1830 738 1871 transeundum
785 1844 873 1870 esse
919 1829 1162 1870 Alexandro
1209 1828 1457 1883 Euphraten

103 1890 351 1945 Tigrimque
385 1892 427 1930 et
459 1889 630 1931 Araxen
663 1892 704 1930 et
738 1889 974 1943 Choaspen,
1006 1903 1161 1943 magna
1193 1889 1458 1930 munimenta

201 2000 216 2028 1
246 1995 520 2040 quodcumque]
548 2005 704 2038 cumque
731 1998 755 2027 L
783 2007 825 2028 m.
842 2007 900 2038 pr.
1001 1993 1157 2028 dicionis
1181 1997 1213 2027 1:
1243 1993 1395 2027 ditionis
1418 1996 1456 2027 A.

103 2048 123 2077 4
150 2054 269 2087 paene
295 2047 327 2076 1:
355 2052 472 2087 poene
500 2045 538 2075 A.
614 2047 633 2075 5
655 2042 824 2087 Boeotia]
847 2041 972 2076 boetia
994 2046 1025 2075 G.
1103 2046 1122 2075 6
1145 2040 1267 2074 Gades
1296 2041 1457 2075 Vindeli-

105 2103 188 2125 nus:
210 2090 317 2135 gadis
338 2093 376 2123 A.
453 2093 472 2122 8
494 2089 694 2135 iuventuti]
716 2090 910 2123 iuuentute
931 2092 1003 2122 LV.
1080 2088 1324 2123 abundabant
1344 2089 1458 2123 Zaro-

104 2143 176 2173 tus:
198 2137 414 2172 abundabat
428 2141 467 2171 A.
539 2141 580 2170 12
602 2137 754 2171 tandem
769 2138 1017 2182 Bonyarsizcs:
1039 2138 1165 2170 tamen
1180 2139 1219 2169 A.
1292 2139 1333 2169 13
1355 2147 1456 2170 man—

103 2185 326 2231 suetudinis]
348 2184 604 2219 inansuetudis
625 2187 650 2217 B
670 2197 714 2219 m.
731 2197 789 2228 pr.
811 2187 908 2217 FLV
931 2196 972 2218 m.
987 2196 1046 2228 pr.
1124 2187 1165 2217 17
1195 2183 1355 2217 Statirae
1379 2186 1457 2217 erat

107 2234 272 2267 Modius:
295 2232 383 2266 stati
404 2233 577 2276 praeerat
597 2235 635 2265 A.
707 2236 748 2266 19
770 2231 893 2276 Halyn
914 2232 1134 2266 Frobem'us:
1157 2231 1245 2275 alyn
1265 2234 1303 2264 A.
1379 2242 1457 2264 am-

103 2281 202 2326 nem]
220 2292 376 2314 ammem
391 2284 426 2313 P.
497 2283 540 2312 20
562 2290 599 2313 se
615 2280 701 2313 fore.
731 2280 793 2314 Ne
812 2280 958 2323 scripsi:
981 2279 1011 2313 si
1025 2279 1120 2312 forte
1136 2282 1174 2311 A.
1251 2282 1294 2311 23
1316 2278 1456 2324 avium]

104 2327 255 2361 auuium
281 2331 317 2360 F.
395 2331 437 2360 25
465 2328 588 2361 mente
615 2338 652 2361 se
680 2326 827 2361 efferret
847 2328 1051 2361 Bentleius:
1080 2326 1214 2360 mentis
1242 2325 1390 2360 afferret
1416 2329 1455 2359 A.

104 2379 146 2409 29
162 2375 393 2420 Tigrimque]
408 2374 620 2419 tygrimque
635 2377 742 2408 BFV.
818 2374 1010 2418 Choaspen
1029 2374 1222 2409 Cellarius:
1245 2373 1401 2418 idaspen
1417 2377 1454 2407 A.
