1610 2522
100 202 119 231 5

99 381 118 410 0

96 1216 115 1245 9

75 1396 115 1425 10

74 1634 111 1664 ll

73 1754 113 1782 12

75 1871 115 1902 13

147 81 172 120 4
643 84 682 122 Q.
711 80 850 116 cuivs!
884 81 990 114 nuri

147 193 285 232 tentas
319 191 358 231 in
393 190 467 230 issa
500 205 602 244 rupe
630 189 858 231 considere.
923 190 1116 232 Ceterum
1147 189 1349 244 quamdiu
1384 190 1495 232 intra

148 265 291 291 muros
326 249 430 303 fluit,
465 264 615 290 nomeu
652 264 775 291 suum
803 250 969 300 retinet,
1003 253 1044 291 at
1079 264 1173 292 cum
1208 254 1327 291 extra
1359 250 1495 291 muni-

147 313 288 350 menta
327 324 370 349 se
410 309 584 359 evolvit,
624 309 782 350 maiore
821 310 859 350 vi
901 324 948 350 ac
987 310 1098 351 mole
1132 312 1324 363 agentem
1361 309 1494 350 undas

146 369 304 423 Lycum
327 368 555 423 appellant.
613 368 854 410 Alexander
877 368 1047 422 quidem
1076 369 1222 410 urbem
1247 368 1492 410 destitutam

145 429 196 470 ab
225 429 311 469 suis
338 429 481 481 intrat,
508 442 644 469 arcem
674 443 785 482 vero,
813 429 854 469 in
882 443 1007 482 quam
1037 429 1328 483 confugerant,
1361 443 1493 483 oppu-
1533 445 1548 470 5

145 503 274 544 gnare
301 488 474 529 adortus
502 487 820 529 caduceatorem
849 488 1080 542 praemisit,
1113 488 1185 541 qui
1213 487 1494 541 denuntiaret,

145 549 183 588 ni
233 548 448 600 dederent,
496 548 610 602 ipsos
654 547 806 588 ultima
851 562 941 589 esse
986 562 1198 601 passuros.
1261 547 1328 588 Illi
1372 547 1491 588 cadu2

145 611 354 649 ceatorem
390 608 431 648 in
465 610 623 648 turrem
667 611 708 648 et
746 607 831 648 situ
871 611 912 648 et
952 622 1076 661 opere
1116 608 1297 648 inultum
1337 607 1491 648 editam

146 668 415 721 perductum,
458 670 617 720 quanta
658 670 769 708 essct
810 666 1010 720 altitudo,
1060 667 1214 708 intueri
1258 666 1403 708 iubent
1446 681 1494 708 ac

144 727 339 768 nuntiare
354 726 609 780 Alexandro,
629 741 716 768 non
737 726 880 767 eadem
896 726 1036 780 ipsum
1058 730 1099 767 et
1120 726 1280 767 incolas
1299 726 1493 767 aestima·
1514 743 1547 768 ιο

143 787 259 828 tione
295 787 558 827 munimenta
591 786 750 827 metiri:
790 801 833 827 se
866 786 971 827 scire
1005 785 1358 841 inexpugnabiles
1392 800 1494 839 esse,

144 847 196 887 ad
229 846 426 887 ultimum
465 859 543 901 pro
576 845 659 887 fide
692 846 935 888 morituros.
1000 846 1195 887 Ceterum
1239 849 1285 886 ut
1317 846 1493 888 circum-

144 906 278 947 sederi
299 920 437 947 arcem
466 907 508 946 et
529 905 671 947 omnia
699 904 780 946 sibi
809 905 849 946 in
878 905 966 946 dies
987 906 1145 946 artiora
1172 920 1260 946 esse
1286 905 1493 959 viderunt,

143 966 365 1021 sexaginta
409 965 570 1006 dierum
616 964 803 1006 indutias
846 966 977 1019 pacti,
1024 968 1089 1017 ut,
1139 965 1221 1006 nisi
1268 965 1377 1006 intra
1421 979 1492 1006 eos

143 1025 348 1066 auxilium
383 1024 546 1065 Dareus
581 1025 684 1079 ipsis
718 1025 917 1079 misisset,
949 1024 1147 1066 dederent
1182 1024 1341 1075 urbem,
1380 1028 1490 1079 post·
1516 1041 1546 1066 1⁵

143 1100 270 1139 quam
304 1084 414 1125 nihil
448 1085 544 1126 inde
577 1084 776 1139 praesidii
811 1084 1072 1138 mittebatur,
1110 1084 1162 1125 ad
1194 1084 1490 1138 praestitutam

143 1145 252 1186 diem
286 1144 515 1199 permisere
548 1158 592 1185 se
624 1145 724 1199 regi.

234 1204 550 1258 Superveniunt
583 1203 732 1244 deinde
771 1203 901 1259 legati
928 1203 1255 1244 Atheniensium
1290 1206 1492 1257 petentes,

143 1268 189 1305 ut
222 1264 333 1318 capti
362 1263 474 1317 apud
504 1262 731 1304 Granicum
760 1278 925 1304 amnem
955 1262 1228 1304 redderentur
1261 1262 1353 1303 sibi.
1416 1261 1493 1304 Ille

141 1338 227 1365 non
259 1324 338 1364 hos
365 1323 506 1378 modo,
538 1323 610 1364 sed
643 1323 771 1364 etiam
807 1325 967 1364 ceteros
995 1321 1176 1364 Graecos
1203 1322 1370 1363 restitui
1404 1322 1492 1364 suis
1513 1340 1547 1364 ευ

142 1384 355 1425 iussurum
376 1383 596 1437 respondit
617 1383 740 1424 finito
762 1382 931 1424 Persico
954 1382 1078 1424 bello.
1137 1380 1330 1423 Ceterum
1353 1381 1492 1423 Dareo
1513 1385 1536 1420 :2

142 1443 383 1496 imminens,
416 1456 542 1496 quem
574 1442 765 1484 nondum
798 1442 1050 1496 Euphraten
1083 1456 1304 1497 superasse
1339 1455 1493 1497 cogno-

143 1506 278 1555 verat,
317 1502 503 1556 undique
553 1517 698 1543 omnes
737 1503 880 1557 copias
920 1501 1134 1543 contrahit
1186 1502 1290 1543 totis
1329 1501 1492 1542 viribus

142 1563 249 1604 tanti
285 1562 386 1603 belli
421 1562 648 1603 discrimen
681 1561 883 1603 aditurus.

231 1621 419 1677 Phrygia
452 1624 553 1676 erat,
585 1636 661 1676 per
687 1636 813 1675 quam
842 1620 1075 1662 ducebatur
1101 1619 1329 1662 exercitus:
1361 1619 1492 1675 pluri·
1513 1637 1546 1662 25

140 1682 219 1723 bus
248 1682 350 1722 vicis
379 1696 504 1735 quam
532 1680 710 1722 urbibus
737 1680 937 1735 frequens
965 1683 1066 1721 tunc
1092 1680 1278 1721 habebat
1305 1679 1490 1722 nobilem

142 1741 355 1796 quondam
396 1740 536 1782 Midae
576 1740 745 1796 regiam.
823 1738 1023 1781 Gordium
1071 1753 1225 1780 nomen
1269 1742 1333 1780 est
1378 1739 1491 1792 urbi,

142 1816 268 1855 quam
297 1799 529 1855 Sangarius
557 1800 693 1841 amnis
720 1799 987 1854 praeterfluit
1012 1799 1104 1852 pari
1131 1798 1356 1840 intervallo
1383 1798 1491 1839 Pon—

143 1862 226 1902 tico
267 1863 309 1902 et
342 1859 491 1902 Cilicio
531 1860 637 1901 mari
671 1858 911 1901 distantem.
974 1857 1091 1900 Inter
1123 1858 1224 1899 haec
1258 1858 1390 1899 maria
1421 1873 1490 1899 an-

239 2018 253 2047 1
284 2013 390 2058 rupe]
418 2023 536 2058 ruppe
561 2015 600 2046 V.
701 2016 720 2045 4
747 2011 886 2056 Lycum
914 2015 946 2045 1:
980 2011 1094 2045 licum
1120 2014 1158 2044 Δ.
1283 2010 1491 2055 appellant]

141 2060 309 2106 apellant
334 2065 369 2094 P.
501 2064 542 2094 12
570 2060 848 2105 circumsederi]
885 2059 1137 2093 circumsideri
1170 2062 1202 2091 C.
1334 2062 1374 2091 15
1402 2058 1491 2102 ipsis

142 2109 311 2144 ssloclius:
339 2108 419 2152 ipse
445 2111 483 2142 Δ.
595 2111 635 2141 ‘21
667 2108 786 2153 finito]
814 2107 894 2141 finit
919 2110 945 2140 P
970 2119 1014 2140 m.
1031 2118 1089 2151 pr.
1206 2110 1248 2139 2⁶2
1278 2105 1490 2150 Euphraten

141 2156 456 2200 Snakenbwyius:
485 2155 652 2190 eufraten
668 2159 706 2190 A.
783 2159 826 2189 25
848 2154 1010 2199 Phrygia
1032 2154 1196 2189 Merula:
1219 2153 1366 2198 phrigia
1381 2156 1419 2186 Δ.

142 2203 310 2248 pluribus
337 2203 442 2248 vicis]
468 2215 534 2237 om.
556 2207 581 2236 B
611 2216 652 2237 m.
673 2215 730 2247 pr.
830 2206 873 2236 :26
901 2201 1080 2246 habebat}
1106 2201 1293 2235 habebant
1321 2204 1345 2234 P
1374 2214 1415 2234 m.
1432 2212 1490 2244 pr.

141 2255 184 2285 27
213 2251 416 2295 quondam]
450 2251 609 2295 quodam
637 2255 662 2283 P
691 2264 731 2285 m.
749 2262 807 2294 pr.
931 2249 1069 2294 Midae]
1101 2248 1221 2282 medie
1249 2251 1273 2281 B
1303 2260 1418 2293 nupr.

141 2299 318 2333 Gordium
337 2299 474 2333 Lnuer:
497 2299 663 2333 cordium
685 2301 722 2331 A.
799 2302 842 2331 2ss
865 2297 1080 2342 Sangarius]
1101 2296 1270 2340 sagatius
1285 2299 1309 2329 P
1331 2308 1372 2330 m.
1390 2308 1448 2340 pr.

142 2347 276 2392 amnis]
304 2346 409 2380 anuis
436 2350 464 2379 V
