1610 2522
122 83 203 125 118
624 84 664 126 Q.
691 85 836 120 CURTI
862 85 973 120 RUFI

70 205 88 234 4
118 196 256 234 artum
287 195 395 234 inter
422 208 464 234 se
491 197 531 234 et
555 193 758 235 Susianos
781 194 941 235 aditum
965 196 1218 250 relinquens.
1286 195 1472 237 Medates

117 256 206 294 erat
240 253 425 307 regionis
458 254 714 307 praefectus.
754 253 865 294 haud
905 269 1004 295 sane
1045 258 1283 309 temporum
1324 255 1471 297 homo:

70 323 89 353 5
117 313 275 366 quippe
304 312 454 353 ultima
487 327 563 367 pro
600 313 681 353 tide
708 313 889 367 experiri
918 313 1166 355 decreverat.
1232 315 1313 355 Sed
1347 315 1468 369 periti

117 371 307 413 locorum
354 371 642 412 Alexandrum
693 373 845 413 docent
887 373 1099 414 occultum
1150 375 1226 415 iter
1268 389 1357 415 esse
1400 389 1473 429 per

117 431 244 471 calles
279 435 320 471 ot
352 445 544 471 aversum
587 432 638 472 ab
675 431 793 473 urbe:
833 432 864 472 si
900 447 1057 487 paucos
1098 434 1284 474 misisset
1323 434 1473 475 leviter
1511 450 1526 476 s

69 502 89 532 6
117 494 315 540 armatos,
354 505 480 544 super
519 491 656 545 capita
696 491 884 532 hostium
925 507 1135 534 evasuros.
1200 494 1304 534 (“11111
1339 494 1472 534 consi-

118 551 224 590 lium
264 551 513 604 placuisset,
553 550 662 591 idem
704 551 901 592 itinerum
942 554 1112 593 fuerunt
1152 552 1289 593 duces.
1361 564 1392 593 M
1432 557 1470 593 et

120 621 148 649 D
183 609 373 651 mercede
408 609 606 650 conducti
646 614 687 651 et
720 609 895 665 Agriani
938 612 1023 652 fere
1065 623 1094 651 M
1129 611 1315 653 Tauroni
1356 626 1473 666 prae-

116 668 229 710 fecto
273 668 357 709 dati
402 684 450 710 ac
492 672 589 723 post
636 669 738 710 solis
782 684 977 711 occasum
1030 671 1108 712 iter
1152 671 1311 726 ingredi
1359 672 1470 712 iussi.

69 740 87 769 7
115 726 212 782 Ipse
264 729 390 769 tertia
442 729 589 784 vigilia
640 730 789 770 castris
843 730 968 771 motis
1021 731 1131 772 circa
1177 731 1283 771 lucis
1331 735 1469 771 ortum
1494 747 1526 773 ιο

116 790 288 841 superat
320 789 539 843 angustias
574 803 779 843 caesaque
812 790 987 830 materia
1021 790 1209 831 cratibus
1243 793 1283 831 et
1317 791 1472 844 pluteis

115 846 339 900 faciundis,
373 850 432 901 ut,
465 848 538 902 qni
572 851 708 889 turres
736 848 1023 901 ad1110ve1·ent‚
1056 853 1172 890 extra
1206 851 1278 890 teli
1315 851 1470 891 iactum

67 918 87 949 8
115 910 266 959 essent,
301 908 447 948 urbem
477 907 669 948 obsidere
696 909 848 963 coepit.
912 908 1146 963 Praerupta
1179 914 1298 950 erant
1332 910 1471 951 omnia

116 967 228 1006 saxis
262 969 303 1007 et
336 966 503 1007 cotibus
538 967 737 1021 inpedita.
803 968 951 1009 Multis
991 983 1091 1023 ergo
1127 969 1374 1010 vulneribus
1407 969 1474 1010 de-

114 1026 240 1080 pulsi,
274 1029 320 1066 ut
347 1026 502 1080 quibus
536 1042 623 1068 non
656 1042 749 1068 cuni
780 1027 901 1069 hoste
928 1029 1081 1079 solum,
1115 1029 1186 1070 sed
1213 1029 1340 1069 etiam
1376 1043 1470 1070 cum
1495 1045 1526 1070 ιε,

68 1098 87 1128 9
113 1085 208 1126 1000
237 1085 526 1127 dimicandum
553 1090 676 1137 esset,
709 1087 912 1128 subibant
938 1091 1093 1141 tamen,
1127 1089 1225 1142 (luia
1260 1103 1330 1129 rex
1364 1089 1474 1129 inter

114 1145 277 1198 primos
312 1146 563 1187 constiterat
590 1147 869 1202 interrogans,
903 1150 968 1188 tot
1000 1147 1170 1188 urbium
1203 1148 1387 1189 victores
1421 1162 1473 1188 an

115 1204 412 1246 erubescerent
453 1204 626 1246 haerere
677 1207 720 1246 in
762 1206 985 1248 obsidione
1032 1206 1196 1248 castelli
1245 1208 1386 1262 exigui
1433 1210 1473 1248 et

115 1264 338 1319 ignobilis,
387 1264 513 1306 simul
563 1265 795 1307 admonens
846 1266 1079 1307 Tauronem
1130 1281 1223 1308 moa·
1267 1266 1473 1308 auxilinm

113 1336 196 1365 esse
227 1324 420 1365 latua-mn.
484 1323 602 1366 Inter
639 1325 742 1366 haec
776 1325 941 1367 eminus
974 1326 1216 1380 petebatur:
1257 1340 1382 1380 quem
1416 1329 1472 1367 te-
1495 1344 1529 1369 20

115 1383 284 1424 studine
336 1383 501 1425 obiecta
554 1384 711 1425 milites
758 1410 811 1414 —
860 1388 908 1426 ut
959 1385 1191 1438 recederet,
1234 1386 1473 1440 perpellere

45 1454 89 1486 10
116 1444 369 1497 nequierant
410 1468 462 1472 —
504 1444 745 1485 tuebantur.
815 1444 1002 1486 Tandem
1043 1444 1216 1486 Tauron
1255 1460 1381 1499 super
1413 1460 1475 1486 ar·
1498 1449 1541 1483 ll

117 1517 208 1543 cem
254 1503 372 1543 urbis
418 1517 462 1544 se
505 1518 601 1544 cum
648 1518 724 1545 5110
767 1505 936 1559 agmine
981 1505 1178 1546 ostendit.
1242 1505 1309 1546 Ad
1355 1505 1475 1547 cuius

117 1567 394 1616 conspectum
441 1565 483 1603 et
529 1563 719 1604 hostium
765 1565 896 1604 animi
942 1563 1085 1605 labare
1137 1568 1177 1605 et
1222 1564 1475 1606 Macedones

47 1634 86 1664 11
118 1622 258 1663 acrius
304 1621 514 1675 proelium
559 1623 663 1663 inire
710 1626 952 1678 coeperunt.
1023 1624 1192 1678 Anceps·
1238 1624 1475 1678 oppidanos
1497 1641 1528 1666 25

117 1680 278 1721 malum
315 1681 536 1736 urguebat,
571 1696 644 1723 nec
679 1683 771 1723 sisti
808 1683 868 1723 vis
902 1683 1091 1724 hostium
1126 1686 1305 1737 poterat.
1368 1682 1475 1724 Pau-

116 1740 176 1781 cis
222 1740 274 1780 ad
315 1741 594 1794 moriendum,
639 1742 835 1796 pluribus
881 1742 932 1782 ad
980 1744 1124 1797 fugam
1172 1743 1338 1784 animus
1383 1742 1475 1794 fuit,

115 1814 270 1855 magna
302 1814 400 1854 pars
437 1801 478 1840 in
512 1814 651 1842 arcem
685 1802 904 1843 concessit.
970 1801 1071 1842 Inde
1106 1814 1199 1842 xxx
1234 1801 1475 1843 oratoribus

115 1859 258 1900 missis
299 1859 350 1899 ad
390 1859 702 1912 deprecandum
744 1861 864 1902 triste
909 1875 1159 1914 responsum
1200 1877 1223 1901 a
1256 1876 1353 1917 rege
1387 1861 1474 1902 red>

214 2017 230 2046 1
261 2012 398 2057 artum]
433 2022 557 2046 arcum
586 2016 611 2044 P
634 2025 676 2045 m.
698 2025 756 2057 pr.
883 2013 1050 2048 Medates
1088 2014 1207 2059 I'oye'l:
1241 2013 1409 2047 niadates
1438 2017 1475 2047 Α.

117 2062 136 2092 2
165 2059 280 2104 haud]
309 2070 355 2093 au
376 2063 401 2092 P
421 2071 463 2093 m.
484 2071 540 2104 pr.
618 2063 636 2092 6
665 2061 852 2105 evasuros]
881 2072 1057 2094 euasurus
1080 2065 1104 2093 P
1125 2073 1167 2095 m.
1185 2073 1243 2105 pr.
1323 2064 1339 2093 ’a'
1369 2061 1474 2095 itine-

115 2106 213 2152 rum]
240 2107 375 2140 iterum
401 2110 439 2140 V.
543 2112 583 2141 15
613 2108 748 2154 solum]
777 2108 891 2142 selum
919 2112 958 2141 V.
1071 2112 1110 2142 1'1'
1140 2109 1292 2153 primos}
1320 2108 1431 2142 rimos
1454 2112 1478 2141 P

115 2165 233 2198 nupr.
339 2154 576 2199 constiterat]
604 2156 847 2190 constituerat
875 2160 900 2188 P
929 2168 971 2190 m.
995 2167 1051 2200 pr.
1160 2160 1201 2190 19
1234 2157 1475 2191 Tauronem

115 2213 210 2235 mus:
231 2214 251 2234 11
265 2214 284 2236 u
295 2214 321 2235 ,1-
331 2203 414 2236 ilia
429 2215 457 2236 m
481 2214 580 2237 esse
601 2204 793 2238 laturum
817 2204 955 2238 addidi.
1026 2207 1068 2236 20
1084 2204 1241 2249 eminus]
1257 2204 1426 2248 geminus
1438 2207 1477 2236 V.

117 2252 158 2281 21
190 2249 377 2283 recederet
397 2251 547 2294 scripsi:
577 2251 773 2286 decederet
794 2254 832 2284 A.
939 2250 1141 2295 perpellere
1163 2251 1373 2286 Acidaliae:
1401 2250 1477 2295 pel·

117 2295 194 2329 lere
221 2300 259 2329 A.
386 2303 428 2331 24
457 2297 590 2343 aerius]
623 2299 718 2332 erius
746 2303 771 2331 P
794 2311 835 2332 m
856 2311 911 2342 pr.
1029 2303 1072 2333 ’26
1101 2298 1278 2341 urguebat
1303 2302 1343 2332 P:
1374 2309 1479 2344 urge-

118 2343 182 2377 bat
212 2349 243 2377 C.
321 2344 388 2389 vis]
421 2345 489 2379 niis
518 2349 543 2379 F
566 2358 608 2380 ne.
625 2358 683 2390 pr.
706 2350 730 2379 P
753 2359 795 2379 m.
812 2358 870 2391 pr.
