1610 2522
375 107 704 142 HISTORJARUM
735 108 757 140 A
769 107 1011 141 [AEXANDRI
1041 107 1116 149 llll,
1146 111 1175 140 3.
1198 111 1228 140 4.
1418 107 1474 145 55

127 220 255 271 metu,
288 217 422 258 donec
448 232 618 258 suorum
648 218 831 258 clamore
858 217 1003 257 audito
1032 216 1272 257 Alexander
1300 218 1473 258 classem

126 277 257 329 litori,
296 292 318 316 a
358 291 441 330 quo
481 277 677 317 fremitus
716 277 972 329 acciderant,
1011 276 1210 317 admovit.
1276 276 1417 317 Prima
1455 292 1476 316 e

128 336 407 377 Macedonum
467 336 647 377 navibus
705 336 1021 390 quinqueremis
1080 335 1305 377 velocitate
1368 336 1478 376 inter

129 399 288 437 ceteras
322 397 511 436 eminens
545 396 744 437 occurrit:
784 410 910 450 quam
947 398 992 436 ut
1025 409 1279 449 conspexere
1313 395 1477 449 Tyriae,

93 473 107 497 5
128 456 234 497 duae
274 469 323 496 ex
357 454 522 496 diverso
563 456 605 496 in
640 456 773 497 latera
810 456 899 496 eius
932 455 1123 496 invectae
1156 457 1268 508 sunt,
1302 455 1344 495 in
1379 470 1478 508 qua-

128 530 219 556 rum
271 515 446 556 alteram
490 515 808 569 quinqueremis
857 515 1001 556 eadem
1045 515 1256 556 concitata
1301 517 1343 555 et
1388 514 1479 568 ipsa

128 577 268 615 rostro
308 574 393 615 icta
431 578 495 615 est
534 577 575 615 et
613 574 730 616 illam
770 575 951 616 invicem
994 574 1142 615 tenuit.
1205 572 1380 628 Iamque
1419 588 1478 626 ea,

130 648 236 688 quae
268 648 354 674 11011
381 633 646 687 cohaerebat,
678 634 815 675 libero
842 633 1003 686 impetu
1037 636 1101 674 est
1134 636 1255 675 vecta
1288 633 1331 673 in
1363 633 1479 674 aliud

131 693 447 759 quinqueremis
492 693 615 734 latus.
690 693 976 734 Invehebatur
1020 696 1111 734 tum
1157 692 1478 760 opportunitate

79 770 108 795 ιο
129 753 236 794 mira
268 753 451 794 triremis
491 767 511 793 e
545 752 677 793 classe
709 752 941 794 Alexandri
976 754 1019 793 in
1052 767 1143 794 eam
1177 753 1331 807 ipsam
1372 767 1479 805 quae

129 813 422 867 quinqueremi
451 812 697 866 inminebat,
729 815 848 854 tanta
880 814 932 865 vi,
965 815 1012 853 ut
1039 812 1244 867 Tyrius0
1220 812 1479 853 Gubernator

130 872 171 912 in
214 886 328 912 maie
375 874 642 912 excuteretur
687 887 708 913 e
747 872 891 927 puppi.
961 872 1111 913 Plures
1156 872 1305 913 deinde
1344 872 1479 912 Mace-

131 931 288 971 donum
315 946 443 972 naves
471 933 785 986 superveniunt
819 934 860 972 et
893 947 966 972 rex
995 946 1166 985 quoque
1198 931 1352 985 aderat,
1386 946 1479 972 (11111

130 990 248 1045 Tyrii
295 990 535 1032 inhibentes
588 992 713 1032 remis
765 1006 888 1046 aegre
933 991 1111 1032 evellere
1156 1006 1323 1043 navem,
1374 1006 1480 1045 quae

78 1069 109 1093 15
130 1050 347 1103 haerebat,
392 1053 646 1105 portumque
692 1052 835 1092 omnia
880 1050 1007 1092 simul
1053 1050 1227 1106 navigia
1272 1053 1479 1105 repetunt.

132 1109 364 1150 Confestim
407 1124 478 1150 rex
519 1110 733 1152 insecutus
778 1113 950 1165 portum
991 1110 1160 1164 quidem
1199 1111 1356 1151 intrare
1394 1125 1481 1150 11011

130 1169 287 1223 potuit,
327 1183 422 1210 cum
455 1171 603 1223 procul
643 1185 663 1210 e
696 1171 828 1210 muris
863 1170 1096 1211 missilibus
1131 1173 1481 1222 summoveretur,

130 1243 259 1269 naves
292 1232 432 1271 autem
467 1243 612 1270 omnes
647 1230 732 1271 fere
766 1233 838 1271 aut
871 1229 1070 1271 demersit
1103 1232 1176 1270 aut
1209 1229 1331 1284 cepit.

63 1293 109 1327 19
219 1287 357 1329 Biduo
392 1288 540 1329 deinde
583 1289 634 1329 ad
667 1290 853 1343 quietem
893 1289 991 1330 dato
1024 1289 1234 1330 militibus
1269 1289 1482 1342 iussisque

77 1366 110 1390 ‘20
131 1350 173 1388 et
205 1347 380 1388 classem
421 1350 462 1388 et
494 1348 710 1389 machinas
743 1349 903 1403 pariter
934 1349 1177 1402 admovere,
1215 1351 1263 1388 ut
1295 1348 1481 1402 undique

131 1407 290 1448 territis
337 1407 524 1462 instaret,
569 1409 658 1462 ipse
703 1409 743 1449 in
791 1408 1042 1449 altissimam
1087 1410 1248 1448 turrem
1295 1408 1482 1449 ascendit

133 1466 295 1521 ingenti
336 1467 495 1520 animo,
535 1467 724 1520 periculo
764 1467 941 1508 maiore:
982 1468 1140 1522 quippe
1172 1468 1290 1523 regio
1324 1467 1482 1522 insigni

132 1528 173 1566 et
211 1527 340 1567 armis
378 1526 646 1581 fulgentibus
686 1528 938 1581 conspicuus
979 1542 1087 1568 unus
1119 1527 1347 1581 praecipue
1386 1526 1482 1567 telis

131 1586 364 1639 petebatur.
429 1585 484 1626 Et
518 1586 646 1641 digna
671 1601 844 1640 prorsus
872 1586 1112 1641 spectaculo
1141 1587 1291 1627 edidit:
1324 1587 1482 1627 multos

79 1663 110 1688 25
133 1659 154 1685 e
187 1645 320 1685 muris
352 1648 670 1700 propugnantes
702 1645 825 1687 hasta
857 1645 1083 1701 transfixit,
1116 1646 1321 1700 quosdam
1355 1646 1483 1687 etiam

133 1705 369 1745 comminus
433 1704 575 1759 gladio
639 1705 860 1760 clipeoque
924 1705 1117 1760 inpulsos
1174 1705 1481 1760 praecipitavit.

133 1762 300 1818 Quippe
334 1763 483 1817 turris,
516 1779 566 1805 ex
600 1779 682 1818 qua
715 1765 963 1819 dimicabat,
1002 1766 1134 1806 muris
1166 1765 1355 1806 hostium
1389 1779 1484 1819 pro-

132 1822 359 1876 pemodum
393 1823 653 1865 cohaerebat.
717 1823 892 1878 Iamque
930 1825 1087 1866 crebris
1121 1825 1324 1866 arietibus
1364 1838 1483 1865 saxo-

227 1992 245 2021 2
273 1987 458 2033 fremitus]
485 1988 690 2032 praemitus
710 1992 749 2022 V.
824 1989 947 2023 Prima
969 2000 987 2022 e
1008 1993 1039 2022 1:
1068 1989 1209 2033 primae
1233 1992 1337 2027 BFP,
1364 1988 1483 2033 prime

132 2038 204 2068 LV.
290 2038 309 2068 6
337 2034 508 2081 alteram]
537 2035 694 2069 alterum
720 2040 755 2069 L.
845 2040 862 2069 7
890 2037 980 2082 icta]
1008 2037 1086 2070 iata
1111 2040 1136 2069 L
1166 2048 1294 2080 m.pr.,
1322 2037 1420 2070 *icta
1447 2040 1482 2077 P,

131 2082 191 2116 sed
211 2082 223 2115 i
249 2083 289 2116 in
308 2094 380 2117 rus.
404 2095 446 2116 m.
467 2094 530 2117 sec.
621 2086 640 2116 S
668 2083 891 2118 cohaerebat
910 2088 943 2117 1:
971 2084 1203 2128 quoherebat
1222 2087 1251 2117 A
1278 2084 1482 2129 [0111011010-

132 2130 198 2163 bat
216 2130 272 2175 V].
372 2132 427 2163 est
452 2132 556 2164 vecta
575 2131 720 2175 scripsi:
749 2133 878 2165 euecta
904 2135 939 2173 P,
967 2132 1116 2165 inuecta
1137 2135 1207 2167 BF.
1234 2133 1295 2165 sed
1320 2133 1357 2165 in
1389 2144 1483 2166 mar—

131 2178 214 2221 yine
233 2178 362 2211 habent
379 2189 486 2211 mcmn
504 2189 591 2212 corr.
608 2181 626 2212 e
641 2180 693 2213 vel
709 2180 756 2212 -Λ-
774 2189 803 2221 e⁷
824 2178 1020 2213 laennecta
1034 2183 1073 2215 V.
1088 2179 1238 2212 inuecta
1253 2183 1288 2212 L.
1364 2182 1383 2212 9
1404 2180 1483 2212 tum

131 2225 277 2268 scripsi:
306 2236 388 2258 cum
409 2228 448 2258 A.
530 2226 810 2269 opportunitate
829 2230 862 2259 1:
885 2226 1138 2270 oportunitate
1159 2229 1197 2259 A.
1276 2230 1316 2259 17
1344 2226 1483 2271 potuit]

131 2271 255 2315 patuit
285 2275 324 2305 V.
473 2276 514 2306 18
548 2273 661 2318 cepit]
697 2274 819 2317 coepit
851 2277 953 2307 BLP.
1100 2277 1143 2307 ‘25
1176 2273 1301 2319 hasta]
1337 2276 1417 2307 asta
1443 2277 1482 2306 V.

133 2322 176 2352 26
211 2318 403 2363 clipeoque
430 2323 475 2353 V:
513 2319 716 2364 clypeoque
746 2324 881 2355 BFLP.
1028 2321 1209 2366 inpulsos]
1244 2321 1410 2365 inpulsas
1444 2324 1482 2354 V.

134 2369 177 2400 28
205 2366 357 2412 crebris]
386 2367 503 2401 crebis
530 2371 569 2401 V.

1512 1300 1552 1329 10

1512 1538 1551 1568 11

1513 1835 1553 1865 12
