1610 2522
66 393 108 424 10

67 514 106 543 11

68 928 109 959 12

70 1167 110 1198 13

71 1465 112 1494 14

72 1641 114 1672 15

137 96 221 136 160
637 93 678 135 Q.
705 93 847 128 CURTI
879 92 989 127 RUFI

133 219 220 245 non
252 203 443 258 possidet
475 204 613 244 solum
644 201 854 256 parricida
888 201 1056 254 Bessus,
1095 201 1166 242 sed
1199 201 1326 242 etiam
1362 201 1493 241 mina-

134 267 215 317 tur,
249 262 466 317 Sogdiani,
499 261 658 316 Dahae,
691 261 967 316 Massagetae,
996 259 1137 315 Sacae,
1162 259 1255 301 Indi
1291 260 1354 300 sui
1390 260 1492 301 iuris

135 326 245 364 sunt.
309 322 464 363 Omnes
498 321 556 374 hi,
587 321 714 362 simul
746 324 866 375 terga
898 322 1045 361 nostra
1075 319 1271 372 viderint,
1304 320 1400 361 illos
1433 333 1491 360 se-

136 385 335 436 quentur:
383 381 445 422 illi
487 381 598 422 enim
646 380 833 421 eiusdem
867 380 1054 421 nationis
1087 382 1199 433 sunt,
1238 393 1317 420 nos
1349 378 1494 419 alieni—

136 456 268 497 genae
301 444 343 481 et
375 442 550 481 externi.
615 438 712 480 Suis
742 440 919 493 quisque
952 442 1091 479 autem
1125 437 1334 492 placidius
1361 441 1494 492 paret,

136 500 262 542 etiam
292 514 385 541 cum
412 500 450 540 is
476 502 654 553 praeest,
680 499 753 553 qui
780 499 916 553 magis
943 498 1083 540 timeri
1110 500 1261 552 potest.
1310 496 1492 538 Proinde

137 563 220 605 aut,
255 574 361 613 quae
388 560 590 613 cepimus,
617 558 854 600 omittenda
880 561 981 598 sunt
1006 561 1091 611 aut,
1125 571 1233 610 quae
1260 571 1344 598 non
1368 556 1493 598 habe-

136 634 244 672 muS,
288 618 543 672 occupanda.
608 616 729 659 Sicut
770 617 812 658 in
846 617 1098 671 corporibus
1130 617 1280 672 aegris,
1325 616 1494 669 milites,

135 678 256 732 nihil,
288 678 402 732 quod
434 677 678 719 nociturum
711 679 786 731 est,
829 675 982 718 medici
1014 676 1275 730 relinquunt,
1313 676 1373 716 sic
1404 688 1495 728 nos,

136 737 347 792 quidquid
381 738 524 778 obstat
551 737 743 791 imperiO,
775 735 1023 777 recidamus.
1074 735 1208 776 Parva
1236 749 1360 788 saepe
1388 735 1494 775 scin-

137 798 231 839 tilla
264 800 510 850 contempta
536 810 738 852 magnum
766 795 969 836 excitavit
996 794 1248 835 incendium.
1299 793 1374 835 Nil
1400 796 1494 835 tuto

137 857 181 898 in
207 856 330 898 hoste
357 856 608 910 despicitur:
643 869 767 910 quem
795 855 1018 909 spreveris,
1051 854 1329 895 valentiorem
1356 854 1496 907 negle-

138 916 282 971 gentia
325 915 468 957 facias.
531 914 595 956 Ne
629 914 792 956 Dareus
839 913 1008 968 quidem
1055 913 1356 954 hereditarium
1401 912 1496 953 Per-

138 990 279 1016 sarum
313 975 477 1029 accepit
510 975 754 1028 imperium,
799 973 870 1014 sed
903 978 960 1015 est
991 974 1033 1014 in
1068 972 1206 1013 sedem
1243 971 1341 1026 Cyri
1374 971 1496 1012 bene·

137 1035 235 1076 ficio
258 1035 440 1090 Bagoae,
473 1033 645 1075 castrati
673 1032 875 1087 hominis,
900 1033 1128 1074 admissus:
1161 1047 1213 1073 ne
1239 1046 1316 1073 vos
1340 1045 1494 1087 magno
1534 1049 1549 1073 ε,

137 1094 284 1136 labore
317 1093 498 1135 credatis
528 1093 707 1134 Bessum
742 1106 920 1134 vacuum
959 1106 1137 1147 regnum
1175 1093 1494 1145 occupaturum.

137 1152 230 1195 Nos
265 1168 362 1195 vero
396 1154 684 1207 peccavimus,
730 1153 903 1205 milites,
949 1153 983 1193 si
1016 1151 1201 1192 Dareum
1235 1150 1289 1192 ob
1324 1150 1406 1192 hoc
1439 1150 1495 1190 vi—

139 1214 274 1255 cimus
286 1247 295 1267 ,
340 1216 388 1253 ut
426 1227 547 1254 servo
590 1211 677 1253 eius
710 1211 971 1253 traderemus
1004 1211 1249 1264 imperium,
1295 1209 1365 1264 qui
1399 1209 1496 1250 ulti-

138 1288 255 1314 mum
301 1287 428 1313 ausus
474 1271 611 1314 scelus
650 1286 792 1327 regem
825 1285 967 1323 suum,
1012 1270 1139 1311 etiam
1173 1273 1370 1310 externae
1403 1269 1496 1324 opis

139 1336 350 1388 egentem,
394 1335 506 1373 certe
544 1332 611 1373 cui
651 1345 727 1372 nos
761 1330 942 1371 victores
975 1329 1331 1384 pepercissemus,
1376 1328 1495 1382 quasi

140 1393 355 1446 captivum
389 1391 431 1431 in
465 1391 646 1432 vinculis
679 1390 848 1443 habuit,
892 1390 943 1430 ad
976 1390 1196 1442 ultimum,
1235 1402 1287 1429 ne
1320 1403 1343 1428 a
1374 1387 1497 1428 nobis

141 1451 382 1492 conservari
402 1453 560 1505 posset,
582 1450 746 1492 occidit.
800 1448 923 1490 Hunc
950 1463 1025 1490 vos
1046 1462 1222 1503 regnare
1243 1447 1462 1501 patiemini
1477 1447 1498 1487 ἶ)

142 1510 273 1560 Quem
309 1510 504 1565 equidem
539 1510 651 1551 cruci
686 1509 871 1550 adfixum
907 1508 1048 1548 videre
1079 1507 1256 1560 festino,
1301 1506 1498 1548 omnibus

140 1570 312 1625 regibus
355 1569 639 1625 gentibusque
684 1571 726 1610 et
763 1567 879 1620 fidei,
925 1582 1052 1621 quam
1086 1567 1281 1619 violavit,
1325 1565 1498 1607 meritas

141 1644 300 1683 poenas
333 1630 579 1671 solventem.
638 1627 707 1681 At,
733 1627 937 1680 herculeS,
971 1628 1003 1668 si
1037 1641 1134 1668 mox
1167 1626 1345 1667 eundem
1375 1624 1498 1666 Grae·
1519 1643 1534 1667 2

240 1739 258 1768 2
293 1734 490 1778 Sogdiani,
531 1733 658 1767 Dahae
693 1734 914 1767 Frolmztus:
952 1731 1196 1776 sogdianidae
1237 1735 1274 1765 C.
1315 1729 1499 1764 socdiani-

143 1782 212 1815 dae
239 1785 274 1815 P.
384 1781 634 1826 Massagetae]
663 1787 894 1824 messagetae
922 1783 947 1812 B
967 1792 1011 1813 m.
1028 1791 1085 1823 pr.
1108 1782 1133 1811 P
1154 1791 1197 1813 m.
1213 1791 1271 1822 pr.
1383 1775 1498 1811 Sacae

142 1830 363 1864 Frobem'us:
393 1840 505 1873 sagae
531 1832 570 1861 A.
688 1832 707 1861 3
734 1827 895 1862 viderint
922 1831 953 1860 1:
982 1826 1158 1860 uiderunt
1184 1829 1222 1859 A.
1332 1823 1417 1858 illos
1444 1834 1497 1858 se-

143 1878 304 1920 quentur
324 1877 482 1920 Ieepizcs:
511 1876 754 1919 sinequentur
774 1879 799 1908 P
814 1886 939 1919 mpr„
964 1874 1199 1916 sisequentur
1213 1877 1244 1906 C.
1327 1876 1347 1904 4
1368 1871 1498 1906 alieni-

143 1925 276 1970 genae]
305 1923 566 1968 aligenigenae
593 1926 618 1955 B
641 1935 683 1956 m.
700 1934 758 1967 pr.
781 1926 805 1955 L
825 1933 869 1956 m.
886 1933 946 1966 pr.
967 1925 1005 1954 V.
1082 1925 1101 1954 5
1130 1920 1212 1954 Suis
1238 1921 1392 1964 quisque
1417 1919 1496 1952 Mo-

144 1973 243 2007 clius:
272 1971 422 2015 suisque
448 1974 486 2004 A.
605 1969 807 2016 placidius]
834 1969 1004 2014 placidus
1031 1973 1056 2001 P
1076 1980 1109 2002 m
1136 1979 1195 2011 pr.
1320 1969 1339 1999 6
1367 1966 1414 2011 is]
1442 1965 1498 1999 his

142 2023 248 2053 LPV.
348 2018 488 2064 timeri]
514 2018 605 2052 meri
625 2021 650 2050 P
671 2030 714 2051 m.
731 2029 788 2061 pr.
891 2021 907 2050 ἵ
937 2016 1100 2059 cepimus
1127 2015 1347 2049 Frobew'us:
1377 2013 1499 2057 coepi-

144 2078 225 2100 mus
252 2070 290 2100 A.
415 2065 637 2109 omittenda]
670 2064 896 2098 comittenda
927 2067 951 2096 B
979 2075 1022 2097 m.
1047 2075 1103 2107 pr.
1206 2065 1247 2095 10
1274 2061 1499 2105 recidamus}

144 2115 359 2148 recedamus
386 2118 412 2147 P
434 2126 476 2148 m.
494 2125 551 2157 pr.
626 2109 631 2110 ⁷
654 2117 693 2145 11
723 2111 802 2156 Nil]
828 2111 922 2144 nihil
943 2115 980 2144 V.
1083 2114 1124 2143 12
1152 2109 1348 2154 spreveris]
1375 2118 1499 2152 spera-

144 2162 242 2195 ueris
269 2164 294 2194 B
327 2174 368 2195 m.
391 2173 458 2205 pr„
487 2159 694 2205 spraeueris
715 2163 783 2193 FP.
880 2162 922 2192 13
950 2157 1082 2203 facias]
1108 2157 1220 2190 fatias
1241 2160 1276 2189 L.
1367 2161 1408 2190 14
1435 2156 1498 2190 sed

144 2213 206 2243 est
231 2209 376 2252 scripsi:
406 2208 470 2243 sed
491 2211 528 2241 A.
623 2206 725 2252 Cyri-l
753 2206 829 2239 curi
857 2210 883 2239 F
907 2218 948 2239 m.
966 2218 1023 2249 pr.
1044 2209 1083 2238 V.
1155 2203 1368 2249 *benefic-io]
1390 2203 1501 2237 bene-

145 2257 223 2289 fitio
244 2260 312 2289 LP.
443 2259 485 2289 18
508 2254 688 2289 ultimum'
722 2254 893 2287 ultimam
920 2257 945 2286 P
967 2265 1009 2287 m.
1028 2264 1084 2296 pr.
1217 2255 1260 2284 22
1288 2250 1500 2295 patiemini]

145 2303 345 2347 paciemini
366 2307 439 2337 FV.
517 2307 560 2337 24
581 2301 684 2347 genti
713 2302 846 2346 usque]
873 2300 1046 2345 gentibus
1061 2303 1085 2332 P
1108 2312 1149 2334 m.
1167 2310 1224 2342 pr.
1302 2302 1344 2331 25
1367 2297 1431 2343 At]
1454 2298 1498 2331 ad

144 2355 170 2384 P
192 2363 234 2384 m.
252 2363 308 2395 pr.
406 2349 575 2385 hercules
602 2354 627 2383 P
649 2362 690 2384 m.
708 2361 784 2393 Ina:
813 2347 962 2383 hercule
983 2351 1015 2381 c.

1516 754 1548 778 10

1517 1155 1540 1187 9

1518 1345 1551 1371 20
