1610 2522
1394 109 1416 141 x)

386 111 718 146 HISTORIARUM
745 110 1030 145 ALEXANDRI
1056 110 1150 153 VIII,
1180 114 1210 144 6.
1392 116 1401 128 ⁸
1423 110 1477 151 75

1391 137 1414 150 k

125 235 252 276 quam
279 221 383 262 alias
410 222 632 263 adlocutus
660 220 873 263 discedere
900 234 971 261 eos
998 220 1050 260 ad
1077 219 1262 261 curanda
1289 232 1478 273 corpora,

125 281 325 334 quoniam
358 283 450 322 tota
482 283 606 322 nocte
639 281 936 335 perstitissent,
970 279 1097 320 iubet.
1156 278 1266 320 Data
1299 279 1478 333 singulis

124 352 152 380 L
180 341 386 394 sestertia,
414 340 754 394 conlaudatique,
787 339 900 394 quod
928 339 1054 380 etiam
1082 338 1178 379 aliis
1206 338 1360 379 tradita
1388 338 1478 380 vice

53 401 102 436 23
123 402 265 441 tamen
309 400 516 441 excubare
559 402 911 454 perseverassent.
974 397 1042 440 Illi
1088 401 1208 439 tanta
1246 412 1320 452 spe
1352 397 1479 439 desti-

88 475 102 500 5
124 460 206 500 tuti
239 459 388 500 domos
421 460 587 501 abeunt.
642 459 699 500 Et
731 459 860 500 ceteri
892 458 1063 512 quidem
1092 458 1372 511 expectabant
1398 459 1479 498 sta-

124 519 253 559 tionis
287 533 385 560 suae
417 521 604 561 noctem:
638 518 866 572 Epimenes
897 519 985 559 sive
1012 517 1212 558 comitate
1238 517 1364 571 regis,
1397 532 1480 571 qua

124 578 264 632 ipsum
292 579 403 620 inter
429 579 672 620 coniuratos
700 580 932 632 exceperat,
959 580 1133 631 repente
1159 579 1362 628 mutatus,
1393 577 1479 617 sive

125 639 225 692 quia
269 639 430 692 coeptis
470 638 569 679 deos
608 638 778 679 obstare
807 636 1033 690 ·eredebat,
1077 636 1201 677 fratri
1234 651 1310 677 suo
1345 635 1478 690 Eury—

122 696 261 751 lochO,
289 712 413 752 quem
441 700 564 738 antea
591 700 807 752 expertem
836 712 924 738 esse
952 696 1119 737 consilii
1146 695 1350 749 voluerat,
1378 696 1481 750 quid

71 773 104 798 ιο
124 760 355 811 pararetur,
400 757 547 812 aperit.
629 755 838 798 Omnibus
880 755 1075 798 Philotae
1127 755 1385 810 supplicium
1437 756 1480 796 in

125 816 258 858 oculis
291 820 397 858 erat:
442 817 586 870 itaque
619 816 815 870 protinus
848 816 969 857 inicit
1000 815 1123 856 fratri
1156 830 1329 857 manum
1365 818 1406 856 et
1436 815 1479 856 in

125 876 285 930 regiam
318 877 511 931 pervenit
537 876 818 929 excitatisque
847 874 1096 916 custodibus
1124 875 1314 928 corporis
1343 875 1393 915 ad
1420 889 1481 915 sa-

124 935 257 976 lutem
302 937 414 991 regis
459 936 687 990 pertinere,
739 950 846 990 quae
891 935 1090 987 adferret,
1142 935 1348 975 adfirmat.
1424 934 1482 975 Et
1510 967 1550 976 ‚-

124 998 305 1049 tempus,
331 1009 414 1050 quo
442 998 655 1049 venerant,
683 998 723 1036 et
750 996 892 1036 vultus
919 994 1033 1035 haud
1061 1009 1159 1035 sane
1187 994 1323 1036 securi
1350 994 1481 1035 animi

73 1070 104 1095 15
124 1054 249 1096 index
295 1058 336 1096 et
374 1055 586 1096 maestitia
627 1071 648 1097 e
691 1054 856 1096 duobus
898 1054 1072 1096 alterius
1106 1053 1401 1095 Ptolomaeum
1434 1067 1483 1094 ac

123 1114 389 1155 Leonnatum
423 1114 680 1157 excubantes
714 1114 767 1155 ad
799 1113 984 1155 cubiculi
1016 1114 1148 1154 limen
1180 1113 1482 1154 excitaverunt.

123 1172 272 1227 Itaque
310 1174 468 1228 apertis
510 1174 675 1216 foribus
708 1177 750 1215 et
780 1173 942 1215 lumine
975 1174 1108 1214 inlato
1143 1173 1331 1227 sopitum
1365 1187 1481 1214 mero

125 1248 172 1274 ac
198 1247 347 1274 somno
375 1234 561 1275 excitant
587 1248 742 1289 regem.
786 1232 864 1274 Ille
890 1232 1098 1287 paulatim
1124 1235 1266 1273 mente
1294 1234 1482 1287 collecta,

125 1293 227 1346 quid
260 1292 484 1347 adferrent,
522 1293 769 1347 interrogat.
832 1292 922 1334 Nee
956 1295 1179 1334 cunctatus
1211 1292 1481 1346 Eurylochus

71 1368 104 1392 20
123 1366 211 1393 non
254 1366 303 1393 ex
350 1355 442 1393 toto
487 1352 660 1394 domum
700 1367 818 1394 suani
860 1352 1045 1393 aversari
1077 1352 1177 1393 deos
1211 1352 1337 1405 dixit,
1383 1352 1482 1406 quia

124 1412 256 1453 frater
294 1412 446 1466 ipsius,
492 1427 749 1466 quamquam
789 1411 968 1466 impium
1002 1411 1167 1452 facinus
1201 1426 1327 1452 ausus
1360 1411 1482 1465 foret,

125 1474 269 1512 tamen
311 1475 352 1512 et
392 1472 697 1525 paenitentiam
739 1472 828 1513 eius
871 1474 1015 1526 ageret
1057 1474 1099 1511 et
1129 1486 1206 1526 per
1237 1486 1280 1512 se
1312 1472 1482 1525 potissi-

125 1545 240 1571 mum
266 1530 539 1584 profiteretur
565 1531 788 1572 indicium:
817 1532 860 1572 in
887 1545 978 1571 eam
1006 1531 1141 1584 ipsam
1168 1533 1350 1584 noctem,
1375 1545 1482 1584 quae

127 1589 362 1643 decederet,
407 1590 582 1632 insidias
617 1594 865 1644 conparatas
898 1590 1046 1643 fuisse,
1088 1593 1281 1631 auctores
1316 1590 1481 1631 scelesti

72 1666 105 1689 25
126 1649 294 1690 consilii
327 1664 429 1704 esse,
463 1665 567 1704 quos
601 1650 776 1691 mininie
810 1650 997 1691 crederet
1029 1664 1113 1690 rex.
1177 1649 1286 1690 Tum
1312 1649 1481 1703 Epime-

124 1723 198 1749 nes
252 1712 402 1750 cuncta
457 1710 604 1750 ordine
659 1710 1010 1764 consciorumque
1064 1710 1239 1750 nomina
1295 1709 1480 1763 exponit.

126 1766 415 1810 Callisthenen
459 1784 546 1810 non
590 1772 637 1809 ut
678 1769 928 1823 participem
968 1769 1169 1810 facinoris
1213 1769 1480 1810 nominatum

125 1841 215 1869 esse
249 1828 483 1880 constabat,
516 1828 588 1869 sed
622 1829 796 1869 solitum
824 1843 1051 1882 puerorum
1081 1829 1347 1870 sermonibus
1373 1829 1481 1870 vitu—

223 1949 239 1978 1
257 1945 469 1991 adlocutus]
486 1945 724 1979 adlocututus
738 1949 774 1979 L.
839 1950 857 1980 2
880 1945 1072 1990 quoniam]
1088 1956 1200 1988 quam
1214 1949 1250 1979 P.
1314 1950 1333 1979 3
1350 1947 1481 1979 sester-

126 1992 195 2037 tia]
222 1992 397 2026 sestercia
417 1996 453 2026 F.
553 1993 844 2036 conlaudatique
865 1993 1088 2028 Frobenius:
1117 1993 1426 2036 conlaudatisque
1441 1996 1480 2027 A.

128 2044 146 2071 .'›
169 2040 358 2085 stationis]
379 2040 554 2074 stacionis
575 2044 614 2075 V.
686 2045 704 2074 6
727 2041 919 2086 comitate]
941 2041 1118 2075 comitare
1133 2043 1172 2074 V.
1243 2044 1263 2074 8
1286 2040 1426 2084 coeptis
1448 2044 1480 2075 1:

127 2087 244 2130 ceptis
272 2091 304 2129 c,
332 2088 454 2132 coepit
473 2091 509 2121 P.
584 2087 793 2132 Eurylocho
823 2089 974 2133 Coslms:
1000 2088 1187 2122 eurilocho
1208 2091 1248 2122 A.
1326 2091 1368 2122 10
1398 2088 1482 2121 Phi-

127 2134 241 2179 lotae]
267 2134 444 2179 phylotae
472 2139 543 2168 FV.
638 2135 879 2181 supplicium]
907 2135 1132 2179 subplicium
1157 2139 1193 2169 P.
1289 2140 1330 2169 15
1359 2135 1481 2169 Ptolo-

127 2192 273 2215 maeum
298 2183 442 2227 scripsi:
471 2182 725 2226 ptholomeum
746 2187 785 2216 A.
905 2186 946 2216 19
975 2183 1163 2216 adferrent
1189 2187 1221 2216 1:
1255 2183 1424 2216 adferent
1444 2187 1480 2226 P,

128 2228 284 2263 afferent
310 2233 343 2263 G.
440 2229 532 2275 Nec]
560 2241 605 2264 ne
633 2235 665 2264 c.
764 2230 995 2274 Eurylochus
1024 2231 1176 2274 Cospns:
1205 2230 1413 2265 eurilochus
1441 2234 1479 2263 A.

129 2280 172 2309 24
199 2276 410 2322 decederet]
431 2278 623 2322 detegeret
642 2281 678 2319 P,
707 2278 859 2312 dederet
878 2281 906 2310 V
927 2290 970 2311 m.
987 2290 1045 2322 pr.
1147 2280 1315 2312 auctores
1338 2279 1479 2312 Lawer:

129 2326 273 2357 acturos
301 2327 339 2357 A.
458 2328 500 2358 25
527 2324 742 2370 Epimenes]
778 2325 988 2369 epiemenes
1015 2329 1040 2358 P
1062 2338 1103 2358 m.
1121 2337 1178 2368 pr.
1300 2329 1341 2358 27
1371 2324 1481 2359 Calli-

128 2371 300 2416 sthenen]
327 2371 545 2405 callistenen
571 2375 678 2405 FLV.

1201 2431 1267 2464 18*

1506 411 1550 440 ‘20

1508 768 1547 797 ⁴21

1510 1662 1552 1691 24
