1610 2522
136 110 222 151 344
641 109 680 151 Q.
709 109 853 143 CURTI
882 109 991 144 RUFI

134 218 285 260 ultima
317 219 488 260 sibimet
520 218 831 259 ominabantur.
896 218 1052 260 Beluae
1090 232 1258 272 quoque
1290 217 1491 259 fluctibus

62 290 105 320 ‘23
134 278 362 319 destitutae
401 278 614 319 terribiles
654 277 928 333 vagabantur.
1000 277 1175 331 Iamque
1207 292 1290 318 nox
1324 277 1490 332 adpete-
1511 281 1559 317 37

132 338 223 391 bat,
269 341 310 378 et
352 352 494 392 regem
540 351 711 391 quoque
757 337 996 391 desperatio
1037 338 1187 378 salutis
1226 336 1490 392 aegritudine

133 397 356 439 adfecerat.
432 396 532 437 Non
578 400 715 437 tamen
764 397 971 438 invictum
1017 397 1205 438 animum
1251 411 1374 437 curae
1420 396 1491 437 ob-

132 459 274 509 ruunt,
301 456 405 510 quin
432 459 523 497 tota
548 458 672 497 nocte
699 455 942 510 persederet
967 456 1011 497 in
1039 456 1222 510 speculis
1243 455 1490 510 equitesque
1528 475 1542 499 5

132 516 424 569 praemitteret
467 515 518 556 ad
561 530 607 556 os
650 515 805 569 aman,
851 519 915 569 ut,
960 530 1054 556 cum
1096 530 1212 556 mare
1244 529 1390 555 rursus
1423 529 1490 555 ex-

61 587 103 617 24
134 580 324 615 aestuare
363 574 613 628 sensissent,
654 575 964 629 praecederent.
1027 574 1212 629 Navigia
1246 588 1415 628 quoque
1448 577 1491 615 et

132 633 315 675 lacerata
353 634 470 676 refici
509 638 551 675 et
589 649 735 675 eversa
776 634 978 675 fluctibus
1011 634 1118 689 erigi
1153 634 1270 675 iubet
1302 636 1489 687 paratos-

131 708 213 747 que
245 708 336 734 esse
370 697 411 735 et
444 693 642 746 intentos,
676 708 770 734 cum
803 708 952 734 rursus
985 708 1100 735 mare
1133 697 1266 734 terras
1295 693 1489 734 inundas-

60 765 103 795 -25
131 756 205 794 set.
258 753 366 794 Tota
399 768 447 794 ea
477 757 602 794 nocte
629 753 739 793 inter
766 752 935 808 vigilias
962 753 1365 806 adhortationesque
1392 766 1488 794 con·
1510 771 1543 795 10

131 816 302 866 sumpta
345 812 538 854 celeriter
580 816 621 853 et
663 813 840 878 equites
866 813 1029 868 ingenti
1062 827 1187 853 cursu
1220 812 1415 867 refugere
1447 815 1489 852 et

131 877 302 913 secutus
343 876 406 912 est
446 877 598 912 aestus
663 870 744 921 Qui
776 872 916 938 primo
950 872 1071 926 aquis
1104 872 1190 912 leni
1221 874 1361 913 tractu
1393 871 1488 912 sub—

130 931 330 972 euntibus
372 931 511 985 coepit
549 932 689 972 levale
727 932 916 986 navigia,
960 945 1059 972 mox
1098 931 1201 972 totis
1234 931 1395 984 campis
1428 931 1488 971 in-

58 1004 102 1033 211
131 991 300 1032 undatis
347 992 473 1032 etiam
519 990 677 1045 inpulit
722 991 910 1032 classem.
992 990 1256 1044 Plaususque
1300 990 1487 1031 militum

129 1051 475 1102 nauticorumque
512 1051 769 1103 insperatam
813 1050 992 1091 salutem
1028 1050 1242 1091 inmodico
1276 1049 1488 1090 celebran-
1509 1068 1541 1092 15

130 1111 237 1150 tium
278 1110 433 1164 gaudio
477 1109 675 1151 litoribus
713 1110 901 1163 ripisque
942 1109 1179 1151 resonabat.
1243 1108 1366 1150 Unde
1398 1115 1486 1149 tan-

129 1172 220 1210 tum
253 1169 433 1210 redisset
465 1169 608 1210 subito
642 1184 769 1223 mare,
806 1184 888 1223 quo
922 1170 1057 1223 pridie
1090 1169 1328 1224 refugisset,
1361 1182 1487 1222 quae-

128 1243 226 1269 nam
255 1232 366 1270 esset
397 1229 582 1269 eiusdem
609 1229 797 1269 elementi
829 1233 982 1269 natura
1009 1228 1135 1270 modo
1161 1228 1332 1281 discors,
1359 1227 1485 1268 modo

129 1288 308 1342 imperio
360 1292 602 1342 temporum
654 1287 856 1339 obnoxia,
910 1287 1151 1328 mirabundi
1202 1287 1485 1340 requirebant.

58 1360 100 1390 27
129 1346 220 1388 Rex
255 1362 349 1389 cum
383 1363 433 1388 ex
468 1363 530 1400 eo,
563 1347 676 1401 quod
709 1347 930 1398 acciderat,
964 1347 1221 1388 coniectaret
1254 1350 1352 1401 post
1384 1345 1486 1387 solis
1507 1364 1540 1388 20

131 1411 271 1448 ortum
313 1410 475 1448 statum
514 1410 682 1461 tenipus
721 1421 829 1460 esse,
875 1407 1013 1448 media
1052 1410 1194 1459 nocte,
1237 1410 1286 1446 ut
1323 1409 1487 1446 aestum

129 1470 377 1521 occuparet,
414 1480 507 1507 cun]
542 1466 688 1521 paucis
721 1466 903 1521 navigiis
937 1466 1121 1507 secundo
1155 1480 1277 1507 amne
1310 1465 1488 1506 defluxit

129 1529 386 1580 evectusque
420 1540 467 1567 os
501 1526 590 1567 eius
625 1537 738 1567 CCCC
771 1526 906 1567 stadia
939 1526 1146 1579 processit
1179 1526 1223 1566 in
1255 1539 1370 1565 mare
1397 1528 1486 1565 tan-

129 1585 222 1625 dem
258 1586 347 1626 voti
381 1586 446 1626 sui
480 1600 664 1639 compos.
727 1584 1084 1638 Praesidibusque
1121 1588 1162 1625 et·
1194 1585 1322 1625 maris
1355 1588 1397 1625 et
1428 1583 1487 1624 lo-

129 1658 276 1686 corum
311 1645 374 1685 dis
409 1645 618 1686 sacrificio
651 1645 764 1686 facto
799 1644 851 1685 ad
884 1644 1058 1686 classem
1093 1644 1230 1684 1ediit.
1507 1660 1539 1685 25

78 1709 109 1743 X
221 1703 333 1746 Hinc
378 1704 600 1745 adversum
646 1704 803 1745 fiumen
843 1704 960 1744 subit
1001 1704 1148 1744 classis
1181 1706 1222 1744 et
1254 1704 1387 1743 altero
1420 1701 1487 1743 die
1507 1705 1556 1740 38

129 1762 307 1817 adpulsa
353 1768 416 1804 est
461 1763 574 1804 haud
619 1764 767 1817 procul
805 1763 898 1804 lacu
938 1764 1068 1817 salso,
1113 1762 1233 1803 cuius
1267 1762 1486 1817 incognita

127 1826 281 1863 natura
300 1822 527 1876 plerosque
548 1823 712 1876 decepit
733 1826 890 1864 temere
906 1823 1119 1878 ingressos
1135 1836 1298 1875 aquam.
1321 1820 1486 1875 Quippe

128 1881 290 1923 scabies
325 1896 504 1935 corpora
536 1882 711 1935 invasit,
759 1885 800 1923 et
833 1883 1078 1935 contagium
1112 1881 1249 1922 morbi
1283 1880 1409 1921 etiam
1442 1880 1485 1920 in

80 1954 98 1984 2
127 1941 232 1982 alios
279 1941 501 1996 vulgatum
541 1945 614 1981 est.
679 1940 830 1982 Oleum
873 1941 1059 1982 remedio
1103 1941 1195 1981 fuit.
1266 1939 1484 1981 Leonnato
1506 1956 1539 1981 30

223 2038 242 2068 3
269 2036 307 2068 et
332 2034 473 2079 regem]
507 2045 572 2068 om.
600 2037 626 2067 P
647 2045 690 2068 m.
705 2046 765 2078 pr.
898 2033 1148 2079 aegritudine]
1181 2032 1425 2077 aegretudine
1452 2035 1484 2065 c.

128 2086 146 2114 ὁ
180 2082 391 2126 persederet
427 2085 469 2115 P:
506 2081 713 2125 persideret
752 2086 785 2115 C,
934 2085 952 2115 6
987 2081 1218 2126 exaestuare]
1257 2081 1409 2114 extu-are
1447 2082 1483 2113 P.

129 2132 171 2162 lO
206 2130 264 2174 ea]
299 2140 364 2163 om.
394 2132 423 2161 V
451 2141 492 2162 m.
517 2140 574 2173 pr.
711 2132 754 2162 13
787 2128 924 2174 levare]
963 2128 1091 2162 lauare
1123 2131 1159 2161 P.
1293 2126 1485 2161 inundatis

124 2178 273 2220 scripsi:
303 2176 529 2210 inundantes
555 2179 594 2209 A.
703 2180 744 2210 15
771 2176 1093 2220 nauticorumque
1122 2175 1280 2210 Giunta:
1317 2174 1486 2208 nautico-

125 2235 206 2258 rum
235 2227 273 2257 A.
399 2223 684 2269 celebrantium]
718 2223 987 2258 celebrancium
1017 2227 1051 2256 P.
1172 2226 1214 2257 18
1247 2221 1433 2257 elementi
1458 2224 1484 2254 B

126 2283 170 2305 m.
191 2282 275 2306 seen:
304 2272 439 2305 mentis
465 2275 494 2304 A
590 2275 631 2305 21
661 2282 751 2313 esse,
777 2271 901 2305 media
928 2271 1147 2306 Frobem'us:
1176 2272 1273 2304 esset
1299 2269 1423 2303 media
1448 2272 1484 2309 P,

127 2329 209 2353 esse
250 2321 288 2353 et
331 2319 453 2353 media
490 2322 522 2352 c.
669 2323 713 2353 24
751 2318 1077 2364 praesidibus-que]
1121 2317 1406 2362 praesidiusque
1443 2319 1483 2349 V.

130 2370 172 2400 27
202 2366 318 2412 haud]
346 2366 437 2400 haut
458 2370 492 2399 P.
592 2365 690 2412 lacu]
717 2365 822 2400 laccu
847 2369 887 2400 V.
987 2370 1030 2399 ‘28
1058 2365 1219 2410 Quippe]
1247 2364 1376 2409 Quppe
1402 2367 1438 2397 F.
