1610 2522
383 92 724 128 HISTORIARUM
751 93 1032 127 ALEXANDRI
1061 93 1136 128 VH.
1165 98 1195 127 ·.’.
1386 94 1470 135 207

97 204 140 244 in
174 203 260 244 acie
293 205 404 244 stare
438 203 602 243 solitus.
652 202 711 243 Et
743 216 999 256 quamquam
1034 202 1294 243 conscientia
1320 202 1454 243 fretus
1484 215 1524 243 12

98 264 139 303 111
179 263 339 317 regiam
383 265 572 315 venerat,
618 265 776 315 tamen,
820 264 867 302 ut
901 261 1041 302 iussus
1075 264 1138 302 est
1169 261 1322 302 fratres
1356 276 1454 302 suos

97 321 295 363 exhibere
328 321 555 362 admodum
583 323 757 362 iuvenes
791 324 831 362 et
863 323 954 375 regi
981 321 1153 375 ignotos
1181 320 1234 361 ob
1262 323 1456 375 aetatem,

98 381 288 422 fiducia
277 396 319 422 111
349 381 681 422 sollicitudinem
708 395 828 421 versa
854 380 1066 434 trepidare
1091 381 1242 434 coepit,
1275 381 1455 435 saepius,

61 461 76 485 5
98 455 205 495 quae
237 455 388 482 nocere
420 444 607 495 possent,
641 455 779 494 quam,
819 440 973 494 quibus
1007 440 1207 493 eluderet,
1241 443 1453 494 r.eputans

45 760 77 783 10

97 500 185 541 Iam
214 499 424 555 armigeii,
457 499 612 554 quibus
640 500 894 553 imperatum
923 502 1025 553 er,at
1056 499 1345 553 produxerant
1372 514 1454 547 eos,
1484 510 1525 541 13

98 574 194 601 cum
240 574 475 614 exanguem
520 561 635 600 metu
681 558 991 613 Polydamanta
1034 559 1212 613 propius
1257 550 1454 600 accedere

98 619 215 660 iubet
260 619 568 672 summotisque
613 618 827 659 omnibus:
875 616 1085 670 ‘Scelere',
1136 618 1296 672 inquit,
1342 617 1453 659 ‘Par-

98 678 306 720 menionis
352 692 497 719 omnes
541 678 701 732 pariter
739 678 918 731 adpetiti
951 691 1116 723 sumus,
1159 679 1342 718 maxime
1376 692 1453 733 ego

97 752 145 779 ac
176 740 236 790 tn,
269 752 375 791 quos
408 737 621 778 amicitiae
657 738 796 791 specie
828 737 993 778 fefellit.
1058 736 1123 777 Ad
1157 752 1281 791 quem
1315 751 1452 791 perse-
1482 749 1525 780 14

97 797 309 851 quendum
354 797 700 851 puniendumque
734 822 788 826 —
822 796 935 849 vide,
980 798 1187 850 quantum
1225 796 1324 837 fidei
1358 799 1454 837 tuae

98 856 265 897 credam
305 881 357 885 —
399 859 440 898 te
476 856 673 897 ministro
707 857 769 897 uti
803 856 945 897 statui.
1009 854 1207 909 Obsides,
1240 856 1339 896 dum
1372 854 1455 897 hoc

98 916 284 971 peragis,
329 919 453 956 erunt
490 915 642 957 fratres
674 916 748 956 tui.
813 915 1087 956 Proficiscere
1119 915 1163 956 in
1194 915 1380 956 Mediam
1414 918 1453 956 et
1484 927 1525 958 15

99 975 150 1015 ad
192 975 429 1029 praefectos
462 989 578 1016 meos
609 975 774 1016 litteras
808 975 988 1028 scriptas
1020 989 1147 1015 manu
1180 989 1273 1015 mea
1304 975 1454 1028 perfer.

65 1057 78 1079 ν,
100 1034 337 1076 Velocitate
372 1049 477 1089 opus
511 1037 591 1087 est,
637 1049 720 1088 qua
753 1034 1013 1075 celeritatem
1042 1035 1186 1087 famae
1217 1034 1454 1075 antecedas.

98 1093 240 1135 Noctu
269 1094 489 1148 pervenire
516 1094 617 1135 illuc
644 1097 686 1134 te
713 1093 824 1148 volo,
856 1096 1027 1147 postero
1055 1094 1134 1147 die,
1162 1108 1269 1148 quae
1297 1093 1455 1148 scripta

99 1156 236 1207 erunt,
268 1154 430 1207 exequi.
481 1152 548 1194 Ad
580 1153 863 1194 Parmeniona
896 1167 1064 1207 quoque
1097 1153 1301 1207 epistulas
1334 1152 1456 1207 feres,
1484 1166 1525 1195 16

99 1228 227 1254 unam
267 1228 290 1254 a
324 1227 409 1266 1119,
453 1213 629 1254 alteram
668 1212 864 1254 Philotae
902 1212 1075 1254 nomine
1117 1213 1330 1266 scriptam.
1395 1211 1456 1253 Si-

100 1288 231 1329 gnum
264 1271 380 1314 anuli
407 1273 495 1313 eius
528 1273 571 1313 in
598 1287 691 1313 mea
716 1275 927 1326 potestate
954 1275 1028 1313 est.
1093 1271 1138 1313 Si
1170 1274 1291 1325 pater
1323 1271 1455 1312 credit

99 1347 122 1372 a
154 1332 243 1373 filio
277 1332 534 1386 inpressum,
573 1346 667 1372 cum
700 1335 741 1373 te
774 1331 944 1385 viderit,
982 1331 1092 1372 nihil
1124 1331 1312 1372 metuet.’
1376 1330 1452 1372 Po·
1483 1344 1524 1373 17

46 1412 60 1435 2
99 1391 291 1446 lydamas
335 1393 454 1432 tanto
497 1390 701 1432 liberatus
734 1394 850 1432 metu
882 1391 1102 1444 inpensius
1135 1390 1282 1443 etiam,
1327 1405 1453 1445 quam

100 1450 368 1506 exigebatur,
411 1450 625 1504 promittit
670 1464 842 1504 operam
888 1450 1251 1503 conlaudatusque
1288 1453 1329 1490 et
1360 1465 1455 1503 pro-

100 1510 242 1551 missis
275 1513 474 1550 oneratus
508 1510 699 1563 deposita
732 1512 859 1564 veste,
893 1524 1019 1563 quam
1047 1509 1241 1562 habebat.
1273 1508 1456 1550 Arabica

101 1569 303 1610 induitur.
367 1568 462 1609 Duo
494 1568 675 1621 Arabes,
723 1584 905 1622 quorum
949 1569 1121 1610 interim
1166 1568 1368 1624 coniuges
1407 1583 1455 1609 ac
1484 1581 1525 1611 18

198 1691 213 1719 1
244 1686 391 1723 solitus]
414 1685 546 1719 sulitus
562 1689 674 1727 FLV,
696 1685 838 1719 solutus
856 1689 891 1718 P.
967 1684 1209 1730 conscientia]
1231 1685 1455 1719 constientia

101 1738 170 1767 FL.
255 1736 274 1767 3
303 1733 489 1778 exhibere]
517 1733 662 1767 exibere
690 1736 715 1766 13
735 1745 779 1766 m.
795 1745 855 1777 pr.
877 1736 948 1766 LV.
1038 1736 1057 1766 4
1085 1732 1236 1777 fiducia]
1263 1733 1396 1766 fidutia
1416 1736 1454 1772 F,

102 1781 272 1815 fidutiam
297 1784 336 1814 V.
468 1780 774 1825 sollicitudinem]
803 1779 1042 1814 solitudinem
1069 1784 1104 1814 P.
1225 1784 1244 1813 5
1272 1780 1454 1826 eluderet]

101 1829 314 1863 eluderetur
340 1833 372 1862 C.
506 1831 523 1861 7
551 1827 666 1872 metu]
694 1830 796 1861 mets}
822 1831 857 1861 P.
995 1826 1282 1873 Polydamanta]
1309 1827 1455 1871 polida-

100 1878 229 1910 manta
265 1880 296 1909 G.
420 1879 440 1909 8
473 1875 611 1920 inquit]
648 1875 779 1918 inquid
815 1878 851 1908 F.
980 1875 1250 1920 Parmenionis]
1285 1886 1455 1919 113111109-

102 1924 222 1958 nionis
250 1926 286 1964 Β,
312 1922 522 1967 parmoenis
549 1926 584 1956 P.
685 1926 728 1956 10
755 1922 862 1967 quos]
891 1934 962 1965 quo
988 1926 1023 1956 P.
1133 1922 1336 1968 amicit-iae]
1363 1923 1455 1956 ami-

102 1971 209 2006 titiae
229 1975 265 2004 F.
359 1970 496 2016 specie]
524 1970 642 2014 spetie
662 1973 699 2003 F.
791 1970 865 2015 Ad]
893 1972 931 2003 at
950 1973 985 2003 P.
1084 1974 1124 2003 11
1154 1970 1236 2004 vide
1257 1971 1454 2015 quantum]

101 2018 188 2052 uide
215 2021 418 2062 quandum
445 2022 481 2058 L,
509 2018 553 2051 de
580 2020 784 2061 quantssum
811 2021 846 2050 P.
957 2021 998 2050 12
1024 2017 1096 2062 uti]
1123 2019 1165 2051 ut
1190 2021 1225 2050 P.
1310 2022 1351 2051 13
1379 2017 1455 2051 Me-

104 2066 219 2111 diam]
246 2066 369 2099 media
394 2069 433 2098 V.
540 2070 582 2098 15
609 2067 754 2107 f'amae
781 2065 865 2099 add.
895 2064 1121 2099 Vinclelimzs.
1226 2068 1267 2097 16
1289 2065 1454 2110 postero]

102 2115 251 2157 postera
276 2117 313 2146 F.
392 2112 546 2157 scripta]
574 2112 710 2156 scripto
736 2116 771 2145 P.
861 2115 902 2144 17
931 2112 1053 2157 erunt]
1081 2114 1185 2146 erant
1210 2115 1236 2144 B
1264 2124 1307 2146 m.
1323 2124 1382 2156 pr.

102 2160 362 2205 Parmeniona]
388 2160 654 2204 parmoeniona
674 2162 742 2192 BP.
850 2162 891 2192 18
920 2171 940 2192 a
966 2160 1040 2204 me]
1068 2159 1115 2192 ad
1136 2170 1193 2193 me
1214 2163 1250 2192 F.
1367 2159 1455 2192 Phi-

103 2208 216 2253 lotae]
243 2207 422 2252 phylotae
447 2210 554 2241 BLV.
636 2211 676 2240 19
706 2206 759 2251 Si]
787 2207 839 2240 sic
866 2211 887 2239 c
916 2207 967 2251 [in
996 2210 1022 2239 F
1049 2218 1066 2240 9
1094 2219 1114 2241 (ι
1142 2218 1231 2241 corr.
1252 2207 1454 2251 superscr]

104 2258 147 2289 20
176 2254 411 2300 Polydamas]
431 2254 639 2298 polidamas
661 2258 692 2287 C.
781 2258 824 2287 ‘23
852 2254 1041 2299 onerat-us]
1062 2254 1264 2288 honeratus
1284 2257 1321 2296 P,
1346 2264 1456 2288 *one-

103 2304 204 2336 ratus
230 2306 269 2336 V.
397 2301 578 2347 habebat]
605 2301 741 2335 abebat
767 2305 802 2335 L.
919 2301 1095 2347 Arabica]
1123 2301 1249 2335 arabia
1277 2304 1302 2333 B
1326 2313 1367 2335 m.
1383 2313 1455 2345 pru,

104 2349 252 2383 arabico
278 2353 313 2382 P.
414 2353 456 2383 ‘24
483 2349 564 2383 Duo
592 2350 732 2383 Lauer:
762 2349 830 2382 due
858 2353 894 2390 P,
923 2349 997 2382 dux
1022 2353 1055 2382 c.
