1610 2522
78 1914 119 1943 10

155 66 209 106 25}
659 70 697 108 Q.
727 66 865 100 ‹Um'l
899 66 1004 100 izv-Fi

153 177 367 229 poterant:
408 174 532 216 simul
568 178 687 216 erant
719 176 872 216 emissa
911 175 952 216 in
987 175 1170 221 hostem.
1209 177 1503 217 concurrentia

155 234 467 288 inplicabantur
510 234 676 289 levique
718 238 760 275 et
793 250 898 275 vano
941 235 1028 276 ictu
1072 250 1205 289 pauca
1244 235 1283 276 in
1326 234 1504 288 hostem,

153 293 276 348 plura
309 295 351 335 in
394 293 567 335 humum
613 293 786 335 innoxia
827 293 1042 335 cadebant.
1108 294 1222 350 Ergo
1265 295 1502 336 comminus

154 368 339 407 pugnam
385 354 521 394 coacti
573 368 792 395 conserere
844 353 1008 409 gladios
1060 355 1223 409 inpigre
1275 354 1502 409 stringunt.

151 412 258 453 Tum
295 427 393 453 vero
427 413 608 454 multum
649 413 869 468 sanguinis
908 414 1049 453 fusum
1089 416 1168 454 est:
1208 413 1313 455 duae
1346 415 1504 468 quippe
1542 431 1557 456 5

152 472 262 513 acies
284 473 343 513 ita
365 472 661 526 cohaerebant,
682 475 730 513 ut
743 473 871 513 armis
893 487 1010 513 arma
1030 472 1261 527 pulsarent,
1282 487 1504 515 mucrones

151 533 194 572 in
240 545 313 573 ora
355 532 598 587 dirigerent.
662 531 760 573 Non
804 532 972 585 timido,
1015 546 1099 574 non
1146 532 1300 587 ignavo
1342 547 1503 574 cessare

151 594 241 632 tum
275 591 415 632 licuit:
456 591 612 633 collato
647 591 768 645 pede,
811 592 931 646 quasi
972 591 1127 647 singuli
1164 592 1274 633 inter
1306 607 1348 633 se
1382 591 1501 633 ‹limi-

151 654 306 703 carent,
340 651 382 691 in
416 651 563 692 eodem
597 652 778 705 vestigio
813 650 1001 704 stabant,
1041 651 1174 692 donec
1207 651 1412 693 vincendo
1447 651 1502 692 lo-

151 725 246 751 cum
290 710 369 751 sibi
411 710 610 752 facerent.
682 710 790 752 Tum
840 711 1006 752 demum
1049 726 1149 765 ergo
1196 711 1503 765 promovebant
1525 729 1557 754 ιο

150 769 347 825 gradum,
389 785 484 812 cum
527 769 692 811 hostem
737 773 1062 824 prostraverant.
1132 770 1190 811 At
1230 770 1327 812 illos
1368 785 1502 811 novus

149 829 388 883 excipiebat
420 829 684 871 adversarius
711 830 925 886 fatigatos,
957 844 1034 871 nec
1067 829 1288 882 vulnerati,
1321 833 1368 871 ut
1399 830 1502 871 alias

150 888 305 942 solent,
344 890 432 930 acie
470 892 667 944 poterant
707 889 923 941 excedere,
965 904 1060 930 cum
1103 889 1238 930 hostis
1271 889 1448 931 instaret
1480 905 1503 930 a

149 948 307 1000 fronte,
352 964 376 990 a
420 952 540 1003 tergo
586 949 650 990 sui
697 951 907 1004 urgerent.
972 948 1211 990 Alexander
1255 964 1339 990 non
1386 948 1503 991 ducis
1523 953 1570 988 27

149 1009 285 1063 magis
319 1023 445 1062 quam
480 1008 630 1049 militis
664 1009 808 1050 munia
834 1008 1121 1063 exequebatur
1150 1009 1340 1063 opimum
1375 1008 1502 1050 decus
1524 1027 1556 1052 ιε»

150 1081 271 1108 caeso
317 1081 414 1122 rege
463 1071 682 1122 expetens:
731 1068 888 1123 quippe
930 1068 1093 1110 Dareus
1139 1083 1263 1109 curru
1309 1067 1502 1110 sublimis

149 1127 378 1181 eminebat,
420 1130 462 1168 et
494 1129 581 1168 suis
621 1128 672 1168 ad
711 1142 753 1168 se
796 1127 998 1169 tuendum
1042 1130 1083 1169 et
1124 1127 1320 1169 hostibus
1359 1128 1410 1169 ad
1444 1128 1503 1168 in-

150 1187 398 1228 cessendum
457 1187 607 1243 ingens
660 1187 994 1228 incitamentum.
1071 1187 1186 1241 Ergo
1237 1188 1368 1228 frater
1412 1188 1502 1228 eius

150 1246 370 1295 Oxathres,
406 1260 500 1288 cum
528 1246 816 1288 Alexandrum
845 1248 1003 1289 instare
1031 1247 1067 1287 ei
1095 1250 1295 1299 cerneret,
1328 1247 1503 1301 equites,

148 1306 302 1359 quibus
317 1310 521 1360 praeerat,
541 1310 638 1347 ante
660 1307 798 1361 ipsum
814 1321 983 1347 currum
1007 1306 1118 1361 regis
1133 1306 1298 1348 obiecit.
1358 1306 1501 1347 Armis
1522 1325 1555 1350 20

149 1369 190 1406 et
209 1366 362 1407 robore
383 1367 572 1420 corporis
595 1366 776 1408 multum
799 1381 925 1420 super
945 1369 1108 1407 ceteros
1132 1367 1332 1419 eminens,
1359 1367 1500 1407 animo

149 1440 245 1466 vcro
268 1428 309 1466 et
335 1426 493 1479 pietate
518 1426 559 1466 in
586 1426 869 1480 paucissimis,
896 1425 971 1466 illo
1001 1427 1147 1479 utique
1174 1424 1336 1479 proelio
1363 1426 1500 1466 clarus

148 1485 254 1526 alios
300 1484 522 1539 inprovide
566 1485 772 1526 instantes
816 1486 1067 1540 prostravit,
1114 1485 1221 1526 alios
1267 1485 1310 1525 in
1354 1485 1498 1540 fugam

147 1545 311 1585 avertit.
375 1544 434 1586 At
460 1545 712 1586 Macedones
740 1546 850 1586 circa
883 1559 1022 1599 regem
1054 1570 1103 1573 —
1134 1548 1169 1585 et
1201 1547 1321 1586 erant
1354 1546 1500 1585 mutua

148 1603 445 1646 adhortatione
484 1604 640 1646 firmati
672 1629 729 1634 —
762 1619 855 1645 cum
896 1605 988 1658 ipso
1034 1605 1074 1645 in
1117 1604 1306 1658 equitum
1349 1618 1501 1660 agmen
1521 1623 1553 1647 25

147 1663 409 1718 inrumpunt.
478 1663 586 1705 Tum
638 1679 735 1705 vero
787 1663 940 1704 similis
992 1665 1136 1704 ruinae
1188 1666 1352 1717 strages
1401 1667 1498 1704 erat.

148 1723 268 1764 Circa
310 1737 481 1764 currum
522 1723 650 1764 Darei
698 1723 891 1765 iacebant
934 1722 1187 1764 nobilissimi
1235 1722 1361 1764 duces
1403 1726 1499 1763 ante

148 1782 292 1823 oculos
315 1783 425 1838 regis
447 1783 618 1839 egregia
647 1787 778 1824 morte
807 1782 1010 1835 defuncti,
1037 1797 1182 1823 omnes
1205 1783 1247 1823 in
1269 1797 1342 1823 ora
1364 1783 1500 1835 proni,

147 1843 257 1883 sicut
284 1842 532 1884 dimicantes
566 1843 879 1896 procubuerant
905 1842 1081 1883 adverso
1109 1856 1283 1896 corpore
1318 1841 1497 1882 vulneri—

149 1901 226 1942 bus
271 1902 466 1955 acceptis.
530 1901 646 1943 Inter
691 1902 767 1943 hos
810 1901 982 1955 Atizyes
1028 1905 1069 1942 et
1112 1900 1412 1941 Rheomithres
1457 1904 1500 1941 et
1519 1919 1553 1943 so

245 2046 258 2075 1
290 2042 431 2076 hostem
464 2043 609 2087 scripsi:
645 2042 792 2076 eosdem
820 2047 858 2083 c,
892 2042 1038 2075 easdem
1067 2045 1090 2074 P
1119 2054 1160 2075 m.
1178 2054 1236 2085 pr.
1365 2046 1385 2074 4
1413 2052 1498 2075 con-

147 2090 281 2135 serere]
309 2100 522 2124 conse*rere
541 2094 576 2123 P.
676 2094 696 2123 8
723 2089 959 2135 dimicarent]
981 2089 1209 2124 demicarent
1228 2093 1262 2122 P.
1366 2093 1403 2122 11
1433 2090 1497 2135 At]

147 2137 192 2171 ad
214 2140 240 2170 F
260 2149 303 2171 m.
321 2149 379 2181 pr.
401 2141 426 2170 P
448 2150 489 2172 m.
508 2149 565 2182 pr.
586 2141 614 2170 V
635 2149 678 2171 m.
695 2150 753 2182 pr.
836 2137 964 2182 novus]
987 2148 1101 2171 nouos
1122 2140 1147 2169 P
1168 2149 1210 2171 m.
1230 2148 1286 2180 pr.
1370 2140 1411 2169 1⁶2
1433 2137 1496 2170 ad—

147 2185 328 2218 versarius
359 2186 516 2220 Gitona:
554 2185 730 2220 aduersus
761 2188 799 2218 A.
924 2189 966 2218 15
999 2184 1265 2229 exequebatur]
1299 2187 1333 2217 et
1369 2194 1496 2228 seque-

147 2232 254 2265 batur
269 2235 294 2265 Β
315 2244 359 2265 m.
377 2244 433 2277 pr.
456 2237 481 2266 P
504 2246 544 2267 m.
565 2245 620 2276 ρι’.
642 2236 680 2267 V.
771 2236 812 2266 16
840 2232 1030 2278 expetens]
1052 2235 1248 2276 expectens
1270 2235 1307 2264 V.
1396 2235 1439 2265 24
1466 2237 1497 2266 et

147 2282 252 2313 erant
283 2281 428 2323 scripsi:
467 2283 569 2315 erant
605 2284 641 2314 A.
767 2284 810 2314 30
841 2280 988 2324 Atizyes
1018 2280 1184 2314 Mwlius:
1219 2279 1358 2322 atyzies
1385 2282 1424 2312 A.

148 2327 405 2361 Rheomithres
435 2329 602 2363 Modius:
631 2327 841 2362 hroimitres
867 2331 903 2368 Ρ,
931 2326 1138 2362 throimites
1166 2331 1198 2360 C.
