1610 2522
96 425 139 455 2ss

96 603 114 633 10

122 604 138 634 ᾳΙ

95 842 138 873 28

170 68 222 108 24
674 69 713 108 Q.
743 67 882 100 (ΊἬΊῚ
915 66 1021 100 RUFI

97 189 133 215 ϊ
168 176 436 229 sequebatur.
508 177 734 217 Iro-vndelml
782 190 881 230 ergo
933 190 1015 216 nou
1063 176 1285 217 inediocris
1330 175 1516 217 omnium

168 236 333 277 animos
360 236 543 277 formido
569 261 616 264 ——
643 236 799 290 quippe
828 235 969 276 itineri
996 250 1117 288 qnam
1146 235 1308 289 proelio
1336 235 1518 289 aptiores

168 299 287 336 erant
320 320 388 347 —,
421 295 662 350 raptimque
702 310 817 335 arma
855 294 1090 349 capiebant.
1154 294 1234 335 Sed
1279 295 1369 348 ipsa
1404 294 1520 336 festi-

168 355 284 395 natio
307 355 634 396 discurrentium
651 369 835 408 suosque
857 354 908 395 ad
923 369 1038 395 arma
1055 354 1293 395 vocantium
1316 355 1516 395 maiorem

170 417 328 455 metum
373 415 566 455 incussit:
610 413 681 455 alii
724 414 766 455 in
810 413 954 468 iugum
1000 414 1157 454 montis
1196 416 1432 465 evaserant,
1472 416 1519 454 ut
1556 430 1571 455 5

168 473 354 514 hostium
383 488 535 528 agmen
563 474 658 515 inde
679 473 983 527 prospicerent,
1009 488 1141 528 equos
1168 474 1357 527 plerique
1383 474 1517 514 frena-

169 533 282 574 bant.
345 532 520 574 Discors
555 533 764 574 exercitus
797 547 875 575 nec
911 532 960 573 ad
1001 547 1131 573 unum
1166 533 1355 573 intentus
1389 533 1517 586 impe-

167 593 275 633 rium
313 593 427 633 vario
467 592 652 634 tumultu
693 596 844 633 cuncta
882 592 1134 633 turbaverat.
1200 591 1360 633 Dareus
1395 591 1516 634 initio

167 653 313 708 iugum
356 653 512 694 montis
556 667 648 693 cum
689 654 808 707 parte
850 651 1065 706 copiarum
1111 665 1316 705 occupare
1355 652 1517 704 statuit,

168 714 209 752 et
241 726 265 752 a
296 712 436 753 fronte
475 716 517 753 et
554 726 577 752 a
618 715 738 767 tergo
781 711 1079 753 circumiturus
1121 710 1305 764 hostem,
1347 727 1369 751 a
1411 710 1514 751 mari
1540 727 1572 752 ιο

167 785 354 825 quoque,
411 786 494 825 quo
547 771 739 812 dext-rum
794 770 883 812 eius
933 785 1063 812 cornu
1115 770 1357 826 tegebatur,
1412 769 1517 811 alios

167 830 424 883 obiecturus,
458 834 503 872 ut
538 831 723 885 undique
752 833 963 883 urgueret.
1027 830 1200 871 Praeter
1231 829 1332 870 haec
1365 829 1515 885 viginti

166 890 285 930 milia
336 890 566 944 praemissa
617 905 711 932 cum
764 889 1082 945 sagittariorum
1138 904 1262 930 manu
1315 888 1515 930 Pinarum

166 964 351 1003 amnem,
390 950 461 1004 qui
497 950 579 990 duo
613 950 782 1005 agmina
815 948 1103 1002 interfluebat,
1143 949 1323 990 transire
1355 951 1397 990 et
1430 948 1516 989 obi-

168 1024 259 1049 cere
292 1024 380 1050 sese
420 1009 699 1051 Macedonum
740 1009 874 1063 copiis
914 1009 1109 1050 iusserat:
1148 1008 1181 1049 si
1224 1008 1265 1049 id
1303 1010 1516 1063 praestare
1539 1024 1571 1049 15

166 1084 252 1110 non
284 1072 471 1123 possent,
503 1069 764 1111 retrocedere
798 1069 838 1109 in
874 1071 1039 1110 montes
1072 1071 1114 1109 et
1145 1069 1309 1109 occulte
1342 1068 1516 1109 circuni-

167 1129 226 1169 ire
282 1128 456 1170 ultimos
503 1129 703 1170 hostium.
778 1128 973 1170 Ceterum
1030 1128 1239 1169 destinata
1289 1126 1519 1168 salubriter

167 1188 281 1228 omni
325 1188 488 1230 ratione
528 1189 744 1243 potentior
785 1188 957 1229 fortuna
996 1187 1210 1229 discussit:
1250 1187 1407 1241 quippe
1445 1186 1516 1227 alii

166 1262 265 1302 prae
298 1250 414 1289 metu
447 1248 671 1303 imperium
706 1250 856 1302 exequi
886 1262 965 1288 uon
1001 1247 1224 1299 audebant,
1257 1246 1327 1287 alii
1360 1246 1517 1287 frustra

166 1307 495 1362 exequebantur,
529 1307 639 1361 quia,
665 1307 739 1348 ubi
765 1310 905 1361 partes
933 1307 1088 1356 labant,
1121 1321 1285 1347 summa
1311 1305 1517 1347 turbatur.
1539 1321 1572 1346 πο

255 1366 379 1408 Acies
412 1370 552 1408 autem
581 1367 661 1408 hoc
688 1367 813 1408 modo
841 1367 971 1408 stetit.
1028 1365 1297 1407 Nabarzanes
1325 1365 1518 1420 equitatu
1539 1367 1589 1402 23

166 1426 359 1467 dextrum
393 1441 522 1468 cornu
556 1426 757 1467 tuebatur
788 1427 942 1467 additis
980 1425 1246 1467 funditorum
1279 1425 1516 1479 sagittario-

166 1500 345 1540 rumque
391 1486 540 1541 viginti
588 1486 675 1527 fere
717 1485 900 1527 milibus.
967 1484 1015 1526 In
1058 1485 1204 1526 eodem
1247 1483 1518 1538 Thymondas

166 1548 256 1586 erat
285 1544 453 1587 Graecis
486 1545 699 1599 peditibus
727 1545 916 1586 mercede
943 1545 1175 1597 conductis,
1206 1544 1383 1600 triginta
1409 1543 1518 1584 mili-

166 1604 262 1657 bus,
301 1605 580 1659 praepositus.
646 1604 735 1645 Hoc
778 1607 867 1646 erat
907 1604 1019 1645 haud
1062 1603 1188 1645 dubie
1229 1603 1360 1645 robur
1403 1617 1570 1644 exer-2⁵

166 1665 285 1716 citus,
318 1679 394 1718 par
419 1663 715 1706 Macedonicae
743 1663 944 1719 phalangi
978 1664 1097 1705 acies.
1155 1662 1204 1704 In
1232 1662 1351 1704 laevo
1385 1676 1516 1704 cornu

168 1724 456 1765 Aristomedes
494 1723 723 1764 Thessalus
758 1735 818 1764 xx
850 1723 969 1764 milia·
1008 1723 1284 1764 barbarorum
1324 1721 1513 1776 peditum

166 1782 358 1824 habebat.
422 1782 470 1824 In
505 1782 705 1824 subsidiis
739 1782 1074 1839 pugnacissimas
1113 1783 1325 1824 locaverat
1355 1783 1514 1834 gentes.

165 1841 308 1896 Ipsum
344 1858 485 1897 regem
520 1843 561 1883 in
596 1843 741 1883 eodem
780 1857 912 1884 cornu
945 1842 1244 1883 dimicaturum
1284 1840 1366 1882 tria
1398 1839 1515 1881 milia

166 1902 425 1943 delectorum
448 1902 654 1957 equitum,
680 1901 853 1943 adsueta
877 1901 1067 1956 corporis
1094 1900 1298 1953 custodia,
1328 1903 1369 1940 et
1395 1899 1514 1953 pede-
1535 1917 1569 1941 so

262 2047 277 2076 1
308 2043 510 2077 Invadebat
546 2054 632 2088 ergo
667 2044 813 2087 scripsi:
851 2053 937 2085 ergo
970 2045 1008 2076 Δ.
1132 2046 1150 2074 2
1189 2041 1330 2074 animos
1365 2041 1512 2084 scripsi:

165 2090 287 2123 animo
315 2093 353 2122 A.
447 2102 553 2134 quam
582 2090 721 2134 proelio
749 2094 781 2123 1:
810 2089 948 2134 proelio
975 2092 1013 2123 Δ.
1109 2093 1127 2121 6
1155 2087 1369 2133 frenabant}
1396 2088 1514 2122 frene·

165 2137 254 2171 bant
283 2141 314 2170 c.
441 2141 481 2171 13
509 2139 636 2184 manu]
664 2149 794 2172 manus
820 2141 858 2170 V.
982 2141 1022 2170 21
1053 2135 1289 2170 Nabarzanes
1316 2139 1349 2169 1:
1383 2135 1515 2169 nabar-

165 2195 274 2219 zanas
303 2189 341 2225 C,
367 2185 593 2219 nabarzenes
619 2190 644 2219 P
673 2198 702 2219 m
736 2197 788 2229 pr.
913 2188 954 2218 23
983 2183 1220 2227 Thymondas
1251 2184 1398 2227 scripsi:
1431 2182 1514 2227 thy-

164 2233 290 2267 modes
317 2236 359 2273 P,
393 2233 578 2267 thimodes
606 2237 637 2266 c.
761 2236 804 2266 25
832 2231 909 2266 Hoc
946 2232 1086 2266 Lauer:
1124 2231 1214 2265 haec
1240 2234 1278 2264 Δ.
1402 2229 1514 2264 dubie

166 2280 334 2315 Medius:
363 2280 515 2314 dubium
538 2283 575 2313 A.
652 2285 694 2314 26
717 2279 993 2325 Macedonicae]
1016 2278 1232 2313 madonicae
1253 2282 1288 2312 P.
1364 2281 1406 2311 27
1435 2277 1514 2311 Ari-

165 2327 347 2362 stomedes
383 2329 613 2363 Vindelinus:
642 2327 876 2362 aristomedis
903 2330 941 2360 A.
1040 2339 1087 2361 xx
1116 2326 1239 2361 milia
1267 2329 1299 2359 1:
1328 2338 1374 2360 xx
1400 2328 1439 2359 Δ.
