1610 2522
65 287 105 318 21

65 643 108 673 22

66 763 109 793 23

65 883 109 911 ⁴24

66 1060 108 1090 25

65 1239 108 1269 2ss

138 107 222 147 328
644 106 683 148 Q.
712 105 855 140 CURTI
882 106 993 140 RVFI

135 219 276 257 ratum
308 230 450 270 regem
484 230 573 256 esse
607 215 843 256 credebant.
899 214 1170 268 Tandemque
1204 214 1491 256 internecione

136 275 325 316 hostium
359 275 494 316 iustae
527 276 612 315 irae
644 277 913 328 parentatum
947 277 1020 314 est.
1084 273 1392 328 Ptolomaeum,
1419 274 1491 328 qui

139 337 285 388 postea
325 335 538 389 regnavit,
582 334 682 375 huic
712 348 882 388 pugnae
914 334 1100 374 adfuisse
1133 336 1282 375 auctor
1313 336 1377 373 est
1411 332 1492 374 Cli-

137 395 308 435 tarchus
353 396 395 434 et
433 393 703 448 Timagenes,
749 393 819 433 sed
865 393 955 446 ipse
994 393 1155 433 scilicet
1194 392 1355 447 gloriae
1394 407 1492 434 suae

137 468 222 494 non
254 454 491 507 refragatus
524 453 680 494 afuisse
715 468 756 493 se
790 452 965 493 missum
999 454 1043 494 in
1069 452 1380 506 expeditionem
1410 466 1492 493 me·
1529 468 1545 495 ⁵

138 513 295 553 moriae
337 512 522 553 tradidit.
596 511 732 552 Tanta
774 513 1105 566 conponentium
1146 515 1315 552 vetusta
1352 525 1491 552 rerum

136 573 399 613 monimenta
432 571 498 613 vel
532 572 735 613 securitas
769 572 853 624 vel,
897 586 972 624 par
1003 571 1104 612 huic
1136 571 1307 624 vitium,
1349 570 1492 612 credu-

135 631 234 672 litas
268 632 359 672 fuit.
418 631 534 687 Rege
567 631 609 671 in
638 630 957 672 tabernaculum
984 631 1116 671 relato
1143 630 1295 671 medici
1326 630 1491 685 lignum
1513 632 1562 668 22

136 691 317 745 sagittae
362 690 529 745 corpori
576 691 729 730 infixae
768 691 844 743 ita,
888 705 940 730 ne
982 690 1192 744 spiculum
1238 694 1492 743 moveretur,

136 751 371 791 abscidunt.
437 749 623 804 Corpore
663 750 813 790 deinde
855 749 1013 790 nudato
1047 749 1390 790 animadvertunt
1422 748 1491 789 ha·
1513 766 1547 792 10

136 825 229 851 mos
263 811 398 851 inesse
432 810 516 851 telo
550 824 626 850 nee
659 809 782 850 aliter
814 809 856 849 id
883 810 973 849 sine
999 809 1185 863 pernicie
1212 808 1399 862 corporis
1426 822 1493 849 ex-

136 870 249 910 trahi
282 884 406 923 posse
439 884 579 923 quam,
619 871 665 909 ut
699 868 877 910 secando
910 869 1063 909 vulnus
1097 872 1311 923 augerent.
1377 867 1493 909 Cete-

135 943 248 982 rum,
306 944 360 970 ne
416 932 605 970 secantes
665 928 922 982 profluvium
979 928 1198 983 sanguinis
1256 929 1492 981 occuparet,

135 989 409 1029 verebantur:
448 988 606 1042 quippe
646 987 795 1042 ingens
834 987 965 1028 telum
1000 987 1196 1028 adactum
1228 990 1320 1027 erat
1351 990 1391 1027 et
1425 1000 1493 1041 pe-

136 1052 326 1089 netrasse
360 1048 404 1089 in
435 1049 596 1088 viscera
627 1047 859 1088 videbatur.
923 1045 1181 1100 Critobulus,
1222 1047 1333 1087 inter
1366 1045 1492 1087 medi·
1513 1063 1546 1089 15

138 1122 207 1148 cos
242 1108 344 1148 artis
370 1107 561 1159 eximiae,
596 1107 667 1147 sed
694 1108 736 1147 in
765 1110 884 1147 tanto
911 1107 1098 1160 periculo
1127 1106 1311 1159 territus,
1345 1118 1494 1147 mames

136 1167 360 1208 admovere
391 1166 620 1219 metuebat,
652 1181 704 1206 ne
736 1167 780 1206 in
812 1165 946 1219 ipsius
980 1168 1107 1219 caput
1140 1180 1290 1219 parum
1323 1179 1493 1219 prospe·

135 1241 205 1267 rae
239 1227 471 1267 curationis
503 1226 706 1266 recideret
738 1228 924 1266 eventus.
980 1224 1290 1266 Lacrimantem
1323 1239 1419 1265 eum
1446 1238 1493 1265 ac

136 1290 254 1326 metu
281 1289 321 1326 et
354 1285 642 1327 sollicitudine
675 1285 983 1339 propemodum
1022 1299 1258 1339 exanguem
1289 1299 1363 1324 rex
1396 1298 1493 1325 con-

137 1349 348 1399 spexerat:
392 1344 547 1396 ‘Quid’‚
589 1345 746 1398 inquit,
790 1344 971 1398 ‘quodve
1012 1347 1180 1397 tempus
1222 1345 1419 1397 expectas
1452 1346 1494 1384 et
1513 1361 1547 1386 20

135 1419 222 1445 non
261 1419 388 1459 quam
428 1405 614 1459 primum
653 1404 735 1445 hoc
774 1404 918 1444 dolore
957 1418 1023 1443 me
1055 1403 1205 1444 saltem
1238 1403 1492 1444 moriturum

136 1464 320 1505 liberas?
370 1464 439 1505 An
472 1465 608 1517 times,
641 1478 692 1504 ne
724 1478 819 1504 reus
853 1463 921 1517 sis,
955 1478 1050 1504 cum
1079 1462 1313 1503 insanabile
1339 1463 1493 1503 vulnus

136 1524 416 1577 acceperim?
469 1523 527 1564 At
563 1522 810 1564 Critobulus
849 1522 1018 1563 tandein
1058 1522 1125 1562 vel
1157 1523 1281 1563 finito
1314 1521 1381 1561 vel
1414 1521 1493 1562 dis-

137 1584 337 1624 simulato
371 1587 488 1623 metu
522 1583 684 1623 hortari
715 1597 812 1622 eum
846 1582 998 1636 coepit,
1034 1585 1081 1622 ut
1114 1596 1156 1622 se
1189 1580 1491 1622 continendum

135 1643 368 1697 praeberet,
401 1642 501 1683 dum
536 1642 749 1696 spiculum
781 1643 996 1682 evelleret:
1031 1642 1157 1682 etiam
1185 1642 1319 1681 levem
1348 1654 1494 1694 corpo-
1514 1656 1546 1682 85

234 1800 250 1828 1
287 1795 539 1829 internecione
573 1798 606 1828 1:
643 1794 889 1829 internicione
917 1797 939 1826 C
975 1793 1230 1839 [internitione
1265 1797 1289 1826 L
1322 1795 1359 1828 in
1393 1792 1492 1838 γεω-ᾖ,

137 1842 388 1877 internetione
414 1846 449 1876 P.
526 1847 544 1875 Ε.)
574 1841 829 1876 Pto10maeum
855 1843 1002 1885 scripsi:
1029 1841 1257 1885 ptolomeum
1279 1844 1319 1883 V,
1346 1839 1491 1884 ptholo-

138 1901 260 1925 meum
287 1893 363 1932 BL,
390 1889 669 1934 photolomcum
695 1893 732 1931 F,
759 1889 989 1923 tholomeum
1014 1892 1049 1921 P.
1149 1892 1168 1922 3
1198 1887 1406 1922 Clitarchus
1427 1888 1493 1922 Az-

139 1938 224 1973 clus:
253 1937 464 1981 clytharcus
485 1940 512 1969 A
542 1937 730 1982 {clitarcus
751 1938 803 1982 Fj.
878 1941 899 1970 4
921 1936 1141 1981 Timagenes
1162 1939 1194 1968 1:
1215 1936 1431 1980 timagenen
1452 1938 1491 1968 A.

139 1989 159 2020 5
187 1985 338 2030 afuisse]
369 1984 532 2018 adfuisse
552 1988 587 2017 1².
664 1990 683 2017 οὶ
711 1986 857 2017 vetusta
881 1984 1039 2018 Giunta:
1066 1984 1256 2017 uetustate
1280 1985 1318 2015 A.
1396 1986 1412 2015 7
1441 1982 1492 2015 vi-

138 2033 248 2077 tium]
276 2033 414 2066 uicium
440 2035 479 2064 V.
604 2036 623 2065 9
651 2031 784 2065 infixae
820 2032 940 2075 Voyel:
968 2031 1120 2064 infixum
1145 2034 1185 2064 A.
1304 2033 1346 2064 10
1373 2029 1493 2064 absci-

140 2081 247 2125 dunt]
275 2080 448 2114 ascidunt
473 2082 499 2112 B
519 2091 638 2123 m.pr.
761 2083 802 2112 12
831 2078 989 2112 secando
1017 2078 1236 2113 Frobem'us:
1264 2077 1425 2112 secundo
1452 2080 1491 2111 Δ.

141 2132 182 2162 15
213 2127 424 2162 Critobulus
452 2127 675 2162 Frobemrus:
704 2125 904 2160 critobolus
932 2129 971 2159 A.
1051 2129 1093 2158 16
1121 2125 1224 2170 artis]
1252 2126 1354 2158 artus
1380 2128 1420 2159 V.

138 2186 294 2210 manus
314 2174 510 2208 admovere
531 2175 752 2209 Frobenius:
776 2173 974 2207 admouere
995 2176 1030 2213 P,
1052 2183 1223 2207 amouere
1245 2175 1276 2204 c.
1354 2176 1395 2206 17
1417 2183 1490 2206 me-

137 2223 283 2267 tuebat]
311 2221 529 2256 metuebant
555 2225 594 2255 V.
699 2222 826 2266 eaput]
853 2220 971 2264 capud
1002 2223 1028 2252 F
1050 2231 1167 2264 mpr.
1188 2223 1223 2253 P.
1331 2223 1374 2254 18
1399 2218 1491 2254 reci-

137 2270 241 2305 deret
267 2274 299 2303 1:
337 2270 541 2303 reccideret
566 2272 605 2302 Δ.
764 2272 804 2301 19
832 2272 930 2302 metu
960 2268 1164 2302 Bentleius:
1197 2269 1424 2302 metuentem
1450 2269 1488 2300 Δ.

138 2321 182 2352 20
209 2317 319 2361 Quid]
341 2317 423 2360 quit
442 2320 481 2350 V.
557 2316 695 2361 inquit]
723 2315 853 2359 inquid
874 2319 900 2348 F
922 2327 964 2349 m.
982 2327 1040 2359 pr.
1062 2319 1096 2348 P.
1180 2318 1222 2348 22
1250 2314 1346 2360 cum]
1374 2313 1433 2348 uel
1453 2317 1489 2347 P.

137 2369 180 2398 ⁶23
209 2364 418 2398 Critobulus
447 2364 668 2399 Frobemus:
698 2362 897 2397 critobolus
925 2366 963 2396 A.
