1610 2522
91 775 124 800 10

92 1071 124 1096 15

93 1368 126 1394 20

96 1664 128 1689 25

408 114 741 150 HISTORIARUM
769 113 1051 148 ALEXANDRI
1078 113 1121 155 V,
1150 118 1179 147 5.
1203 118 1232 147 6.
1417 113 1497 154 129

141 225 327 266 Persidis
360 239 526 280 regum:
559 224 660 266 hinc
692 224 764 265 illa
797 223 990 264 inmensa
1010 222 1182 276 agmina
1214 222 1366 275 infusa,
1399 222 1499 262 hinc

142 283 327 325 Dareum
359 284 491 339 prius,
531 284 628 326 dein
660 283 843 325 Xerxem
875 282 1073 336 Europae
1106 282 1271 336 inpium
1303 282 1498 322 intulisse

141 343 324 385 bellum:
377 343 540 384 excidio
586 344 701 384 illius
753 341 1062 397 parentandum
1113 355 1202 382 esse
1253 340 1498 382 maioribus.

141 401 315 457 Iamque
353 402 524 444 barbari
566 402 731 444 deserto
766 401 945 456 oppido,
991 415 1074 455 qua
1113 415 1323 454 quemque
1361 402 1499 441 metus
1528 412 1546 440 ‘3

142 463 305 517 agebat,
338 462 607 516 diffugerant,
641 477 737 503 cum
758 476 831 502 rex
852 460 1108 515 phalangem
1135 459 1245 501 nihil
1277 461 1499 501 cunctatus

142 522 317 563 inducit.
379 521 538 563 Multas
571 522 697 562 urbes
729 521 905 562 refertas
940 519 1159 575 opulentia
1191 519 1308 575 regia
1339 519 1497 574 partim

143 584 478 637 expugnaverat,
522 581 679 635 partim
730 582 774 622 in
821 579 948 620 fidem
993 581 1231 633 acceperat,
1270 578 1344 619 sed
1382 578 1499 619 urbis

142 641 270 682 huius
311 640 485 682 divitiae
517 641 655 682 vicere
696 639 938 693 praeterita.
1001 637 1052 679 In
1093 639 1203 679 hanc
1235 638 1370 679 totius
1401 637 1498 679 Per-
1528 650 1546 677 3

143 700 245 742 sidis
285 715 386 754 opes
428 702 730 755 congesserant
770 698 956 740 barbari:
999 713 1150 739 aurum
1188 700 1498 753 argentumque

144 761 408 802 cumulatum
442 763 543 813 erat,
574 759 704 801 vestis
733 759 882 814 ingens
908 757 1072 811 modus,
1105 758 1296 812 supellex
1328 771 1415 798 non
1448 756 1499 797 ad

142 834 287 874 usum,
328 819 400 860 sed
433 820 485 860 ad
523 818 854 860 ostentationem
886 818 1012 858 luxus
1045 818 1288 871 conparata.
1350 815 1500 870 Itaque

144 879 255 920 inter
292 880 407 932 ipsos
439 878 620 919 victores
652 878 764 918 ferro
798 876 1095 918 dimicabatur:
1131 891 1208 930 pro
1240 875 1365 917 hoste
1397 878 1501 922 erat,

145 938 218 992 qui
251 938 547 992 pretiosiorem
575 940 855 991 occupaverat
879 936 1090 990 praedam.
1132 935 1189 976 Et
1222 949 1318 976 cum
1346 936 1501 988 omnia,

145 1012 252 1052 quae
290 997 576 1052 reperiebant,
617 1011 764 1051 capere
805 1010 893 1037 non
937 998 1139 1050 possent,
1175 995 1260 1035 iam
1310 1010 1376 1036 res
1415 1009 1502 1036 non

145 1056 481 1111 occupabantur,
527 1056 599 1097 sed
637 1056 983 1097 aestimabantur.
1060 1053 1323 1096 Lacerabant
1361 1054 1500 1109 regias
1529 1066 1543 1093 ι’

146 1119 283 1157 vestes
304 1116 357 1157 ad
378 1130 420 1157 se
442 1117 622 1170 quisque
642 1118 807 1169 partem
828 1114 1055 1168 trahentes,
1082 1114 1268 1155 dolabris
1288 1114 1500 1169 pretiosae

146 1176 249 1217 artis
282 1190 381 1217 vasa
413 1175 662 1228 caedebant,
692 1174 803 1216 nihil
832 1189 970 1228 neque
1002 1174 1211 1215 intactum
1244 1175 1334 1214 erat
1364 1187 1500 1227 neque

145 1236 358 1290 integrum
391 1234 618 1287 ferebatur,
650 1234 832 1288 abrupta
864 1234 1185 1275 simulacrorum
1220 1233 1422 1286 membra,
1454 1234 1502 1273 ut

147 1295 327 1349 quisque
360 1295 572 1348 avellerat,
604 1293 811 1335 trahebat.
856 1293 1007 1347 Neque
1040 1292 1218 1333 avaritia
1245 1293 1395 1345 solum,
1429 1292 1501 1333 sed
1540 1303 1546 1311 ·

147 1355 274 1395 etiam
313 1353 541 1396 crudelitas
580 1354 624 1394 in
663 1356 785 1407 capta
817 1353 920 1394 urbe
952 1355 1144 1407 grassata
1177 1354 1262 1393 est:
1302 1366 1405 1392 auro
1439 1366 1501 1392 ar-

147 1416 359 1468 gentoque
393 1413 535 1454 onusti
574 1414 673 1454 vilia
707 1412 973 1466 captivorum
1007 1425 1186 1466 corpora
1217 1411 1502 1463 trucidabant,

147 1473 390 1527 passimque
423 1472 537 1513 obvii
572 1472 866 1525 caedebantur,
900 1486 1006 1525 quos
1049 1473 1171 1511 antea
1211 1470 1397 1525 pretium
1437 1470 1502 1511 sui

147 1531 403 1573 miserabilis
434 1532 603 1573 fecerat.
651 1531 777 1572 Multi
811 1545 911 1586 ergo
944 1530 1135 1571 hostium
1167 1544 1317 1570 manus
1354 1530 1502 1571 volun-

147 1592 255 1632 taria
288 1593 424 1632 morte
457 1594 772 1646 occupaverunt
809 1590 1117 1644 pretiosissima
1149 1589 1332 1631 vestium
1364 1588 1503 1630 induti

149 1665 170 1691 e
203 1650 336 1691 muris
369 1651 620 1705 semetipsos
654 1664 750 1691 cum
772 1649 1024 1705 coniugibus
1058 1663 1105 1689 ac
1129 1649 1276 1690 liberis
1309 1649 1354 1690 in
1385 1663 1503 1703 prae-

149 1724 247 1764 ceps
268 1710 479 1751 iacientes.
531 1709 712 1759 Quidam
744 1710 877 1765 ignes,
906 1709 1018 1762 quod
1039 1709 1166 1762 paulo
1188 1710 1286 1762 post
1312 1709 1502 1749 facturus

247 1856 263 1885 1
293 1851 460 1896 agmina]
488 1850 635 1884 aomina
655 1853 694 1884 V.
794 1853 813 1883 2
841 1849 999 1883 Xerxem
1025 1853 1058 1882 1:
1086 1860 1229 1883 xersem
1250 1852 1288 1883 A.
1388 1848 1502 1882 Euro-

149 1898 236 1943 pae]
257 1909 416 1942 europoe
437 1902 472 1932 P.
572 1901 591 1932 8
618 1897 797 1942 Persidis]
818 1897 983 1941 persides
1004 1901 1029 1930 P
1048 1909 1092 1931 m.
1108 1908 1168 1941 pr.
1269 1900 1287 1930 9
1310 1907 1503 1940 congesse-

150 1945 250 1991 rant]
278 1946 536 1980 concesserant
555 1949 661 1978 FPV.
763 1948 804 1978 10
833 1944 999 1989 supellex
1018 1948 1050 1979 I:
1079 1944 1272 1988 suppellex
1291 1948 1324 1985 C,
1346 1943 1502 1988 supplex

149 1996 176 2025 P
196 2005 240 2027 m.
255 2005 315 2037 pr.
392 1997 433 2027 11
461 1992 764 2038 ostentationem]
792 1992 1061 2025 sustentionem
1086 1995 1112 2024 P
1132 2004 1177 2026 m.
1192 2003 1252 2035 pr.
1330 1996 1372 2024 14
1399 2002 1503 2035 repe-

150 2040 297 2074 riebant
323 2041 469 2075 Novcils:
497 2040 729 2084 recipiebant
754 2043 792 2073 A.
909 2043 951 2072 15
979 2039 1044 2073 sed
1070 2038 1365 2073 aestimabantur
1391 2050 1456 2073 om.
1478 2042 1503 2071 P

149 2099 194 2122 m.
211 2099 282 2132 pr.⁷
309 2088 394 2122 add.
415 2099 504 2122 corr.
526 2089 626 2122 intra
655 2098 782 2122 versus.
861 2090 901 2119 16
930 2087 1087 2130 quisque
1114 2087 1347 2121 Vindelinus:
1375 2097 1503 2129 quem-

151 2146 222 2178 que
249 2138 288 2169 A.
361 2135 568 2180 trahentes]
594 2136 758 2169 traentes
784 2138 819 2167 L.
895 2134 1096 2179 pretiosae]
1124 2133 1311 2178 protiosae
1338 2136 1375 2175 B,
1402 2133 1503 2178 peio-

152 2193 212 2216 sae
233 2186 272 2217 V.
390 2186 433 2216 18
459 2182 636 2228 abrupta]
661 2182 830 2226 adnupta
855 2185 880 2214 P
900 2193 945 2215 m.
960 2193 1020 2225 pr.
1142 2181 1324 2226 membra]
1350 2180 1503 2215 menbra

151 2232 256 2264 LPV.
358 2234 398 2263 19
427 2229 620 2275 avellerat]
648 2229 857 2264 aduellerat
877 2233 898 2262 c
926 2228 1139 2274 [atuellerat
1159 2229 1212 2274 F]
1312 2228 1501 2273 trahebat]

150 2276 299 2310 traebat
319 2281 354 2310 L.
465 2277 639 2322 avaritia]
666 2276 831 2310 auaricia
856 2280 895 2309 V.
1007 2279 1050 2309 22
1079 2276 1346 2321 caedebantur]
1374 2276 1502 2310 coede-

154 2323 287 2357 bantur
313 2328 348 2357 P.
432 2327 543 2358 antea
568 2329 609 2358 P:
643 2326 729 2358 ante
756 2329 788 2357 c.
869 2323 1045 2368 pretium]
1073 2324 1198 2368 poium
1224 2326 1295 2357 PV.
1378 2327 1421 2356 24
1449 2323 1502 2356 in-

152 2370 248 2415 duti]
278 2371 404 2405 induci
430 2376 454 2404 P
478 2384 519 2406 m.
535 2384 594 2416 pr.
695 2375 736 2405 26
764 2371 864 2416 post]
891 2373 999 2414 pmst
1025 2375 1061 2405 P.

224 2436 362 2462 Cmrrrs
382 2438 488 2462 Rurcs
509 2437 553 2461 ed.
575 2437 754 2462 Hedicke.
794 2436 848 2461 Ed.
871 2437 978 2461 maior.
1274 2432 1292 2462 9
