<?xml version="1.0" encoding="UTF-8"?>
<!DOCTYPE html PUBLIC "-//W3C//DTD XHTML 1.0 Transitional//EN"
    "http://www.w3.org/TR/xhtml1/DTD/xhtml1-transitional.dtd">
<html xmlns="http://www.w3.org/1999/xhtml" xml:lang="en" lang="en">
 <head>
  <title>
</title>
<meta http-equiv="Content-Type" content="text/html;charset=utf-8" />
  <meta name='ocr-system' content='tesseract 3.04.00' />
  <meta name='ocr-capabilities' content='ocr_page ocr_carea ocr_par ocr_line ocrx_word'/>
</head>
<body>
  <div class='ocr_page' id='page_1' title='image "./historiaealexand00curtuoft_0170.png"; bbox 0 0 1610 2522; ppageno 0'>
   <div class='ocr_carea' id='block_1_1' title="bbox 86 514 103 544">
    <p class='ocr_par' dir='ltr' id='par_1_1' title="bbox 86 514 103 544">
     <span class='ocr_line' id='line_1_1' title="bbox 86 514 103 544; baseline 0 0"><span class='ocrx_word' id='word_1_1' title='bbox 86 514 103 544; x_wconf 80' lang='lat'>7</span> 
     </span>
    </p>
   </div>
   <div class='ocr_carea' id='block_1_2' title="bbox 87 758 106 776">
    <p class='ocr_par' dir='ltr' id='par_1_2' title="bbox 87 758 106 776">
     <span class='ocr_line' id='line_1_2' title="bbox 87 758 106 776; baseline 0 0"><span class='ocrx_word' id='word_1_2' title='bbox 87 758 106 776; x_wconf 47' lang='grc' dir='ltr'>,Ἀ</span> 
     </span>
    </p>
   </div>
   <div class='ocr_carea' id='block_1_3' title="bbox 90 932 108 960">
    <p class='ocr_par' dir='ltr' id='par_1_3' title="bbox 90 932 108 960">
     <span class='ocr_line' id='line_1_3' title="bbox 90 932 108 960; baseline -0.167 0"><span class='ocrx_word' id='word_1_3' title='bbox 90 932 108 960; x_wconf 73' lang='grc'><strong>9</strong></span> 
     </span>
    </p>
   </div>
   <div class='ocr_carea' id='block_1_4' title="bbox 72 1346 112 1375">
    <p class='ocr_par' dir='ltr' id='par_1_4' title="bbox 72 1346 112 1375">
     <span class='ocr_line' id='line_1_4' title="bbox 72 1346 112 1375; baseline 0 0"><span class='ocrx_word' id='word_1_4' title='bbox 72 1346 112 1375; x_wconf 74' lang='lat'>1⁴)</span> 
     </span>
    </p>
   </div>
   <div class='ocr_carea' id='block_1_5' title="bbox 72 1525 110 1553">
    <p class='ocr_par' dir='ltr' id='par_1_5' title="bbox 72 1525 110 1553">
     <span class='ocr_line' id='line_1_5' title="bbox 72 1525 110 1553; baseline 0 0"><span class='ocrx_word' id='word_1_5' title='bbox 72 1525 110 1553; x_wconf 90' lang='lat'>11</span> 
     </span>
    </p>
   </div>
   <div class='ocr_carea' id='block_1_6' title="bbox 132 94 981 138">
    <p class='ocr_par' dir='ltr' id='par_1_6' title="bbox 132 94 981 138">
     <span class='ocr_line' id='line_1_6' title="bbox 132 94 981 138; baseline -0.014 1"><span class='ocrx_word' id='word_1_6' title='bbox 132 97 214 138; x_wconf 81' lang='grc'>156</span> <span class='ocrx_word' id='word_1_7' title='bbox 632 97 671 136; x_wconf 76' lang='lat' dir='ltr'>Q.</span> <span class='ocrx_word' id='word_1_8' title='bbox 700 94 843 130; x_wconf 82' lang='lat' dir='ltr'>CURTI</span> <span class='ocrx_word' id='word_1_9' title='bbox 869 94 981 128; x_wconf 83' lang='lat' dir='ltr'><strong>RUFI</strong></span> 
     </span>
    </p>
   </div>
   <div class='ocr_carea' id='block_1_7' title="bbox 131 203 1499 1790">
    <p class='ocr_par' dir='ltr' id='par_1_7' title="bbox 131 203 1499 1790">
     <span class='ocr_line' id='line_1_7' title="bbox 131 203 1488 259; baseline -0.005 -13"><span class='ocrx_word' id='word_1_10' title='bbox 131 221 202 247; x_wconf 83' lang='lat' dir='ltr'>rex</span> <span class='ocrx_word' id='word_1_11' title='bbox 249 220 372 259; x_wconf 76' lang='lat' dir='ltr'>saepe</span> <span class='ocrx_word' id='word_1_12' title='bbox 413 204 636 258; x_wconf 80' lang='lat' dir='ltr'>conspexit</span> <span class='ocrx_word' id='word_1_13' title='bbox 666 203 936 244; x_wconf 80' lang='lat' dir='ltr'>maestiorem</span> <span class='ocrx_word' id='word_1_14' title='bbox 969 217 1095 256; x_wconf 88' lang='lat' dir='ltr'>quam</span> <span class='ocrx_word' id='word_1_15' title='bbox 1128 205 1287 243; x_wconf 86' lang='lat' dir='ltr'>ceteras</span> <span class='ocrx_word' id='word_1_16' title='bbox 1320 203 1362 242; x_wconf 89' lang='lat' dir='ltr'>et</span> <span class='ocrx_word' id='word_1_17' title='bbox 1392 216 1488 255; x_wconf 80' lang='lat' dir='ltr'>pro-</span> 
     </span>
     <span class='ocr_line' id='line_1_8' title="bbox 131 260 1488 307; baseline -0.003 -2"><span class='ocrx_word' id='word_1_18' title='bbox 131 265 385 307; x_wconf 69' lang='lat' dir='ltr'>ducentibus</span> <span class='ocrx_word' id='word_1_19' title='bbox 418 279 508 305; x_wconf 84' lang='lat' dir='ltr'>eam</span> <span class='ocrx_word' id='word_1_20' title='bbox 540 262 772 304; x_wconf 84' lang='lat' dir='ltr'>verecunde</span> <span class='ocrx_word' id='word_1_21' title='bbox 803 263 1094 304; x_wconf 87' lang='lat' dir='ltr'>reluctantem.</span> <span class='ocrx_word' id='word_1_22' title='bbox 1148 260 1372 303; x_wconf 83' lang='lat' dir='ltr'>Excellens</span> <span class='ocrx_word' id='word_1_23' title='bbox 1399 262 1488 301; x_wconf 84' lang='lat' dir='ltr'>erat</span> 
     </span>
     <span class='ocr_line' id='line_1_9' title="bbox 132 320 1488 377; baseline -0.004 -12"><span class='ocrx_word' id='word_1_24' title='bbox 132 326 280 376; x_wconf 79' lang='lat' dir='ltr'>forma,</span> <span class='ocrx_word' id='word_1_25' title='bbox 313 326 355 365; x_wconf 93' lang='lat' dir='ltr'>et</span> <span class='ocrx_word' id='word_1_26' title='bbox 386 324 567 364; x_wconf 82' lang='lat' dir='ltr'>formam</span> <span class='ocrx_word' id='word_1_27' title='bbox 595 323 732 377; x_wconf 85' lang='lat' dir='ltr'>pudor</span> <span class='ocrx_word' id='word_1_28' title='bbox 757 320 1028 362; x_wconf 75' lang='lat' dir='ltr'>honestabat:</span> <span class='ocrx_word' id='word_1_29' title='bbox 1062 320 1235 362; x_wconf 82' lang='lat' dir='ltr'>deiectis</span> <span class='ocrx_word' id='word_1_30' title='bbox 1263 321 1307 361; x_wconf 91' lang='lat' dir='ltr'>in</span> <span class='ocrx_word' id='word_1_31' title='bbox 1332 322 1488 360; x_wconf 90' lang='lat' dir='ltr'>terram</span> 
     </span>
     <span class='ocr_line' id='line_1_10' title="bbox 133 378 1489 437; baseline -0.004 -13"><span class='ocrx_word' id='word_1_32' title='bbox 133 383 268 425; x_wconf 84' lang='lat' dir='ltr'>oculis</span> <span class='ocrx_word' id='word_1_33' title='bbox 322 387 382 436; x_wconf 87' lang='lat' dir='ltr'>et,</span> <span class='ocrx_word' id='word_1_34' title='bbox 427 385 633 437; x_wconf 88' lang='lat' dir='ltr'>quantum</span> <span class='ocrx_word' id='word_1_35' title='bbox 684 381 858 434; x_wconf 79' lang='lat' dir='ltr'>licebat,</span> <span class='ocrx_word' id='word_1_36' title='bbox 903 395 973 422; x_wconf 91' lang='lat' dir='ltr'>ore</span> <span class='ocrx_word' id='word_1_37' title='bbox 1018 381 1158 421; x_wconf 81' lang='lat' dir='ltr'>velato</span> <span class='ocrx_word' id='word_1_38' title='bbox 1204 378 1489 433; x_wconf 80' lang='lat' dir='ltr'>suspicionem</span> 
     </span>
     <span class='ocr_line' id='line_1_11' title="bbox 134 438 1489 498; baseline -0.003 -15"><span class='ocrx_word' id='word_1_39' title='bbox 134 442 329 497; x_wconf 88' lang='lat' dir='ltr'>praebuit</span> <span class='ocrx_word' id='word_1_40' title='bbox 357 443 459 498; x_wconf 87' lang='lat' dir='ltr'>regi,</span> <span class='ocrx_word' id='word_1_41' title='bbox 495 441 747 483; x_wconf 84' lang='lat' dir='ltr'>nobiliorem</span> <span class='ocrx_word' id='word_1_42' title='bbox 777 455 880 493; x_wconf 87' lang='lat' dir='ltr'>esse,</span> <span class='ocrx_word' id='word_1_43' title='bbox 914 454 1041 494; x_wconf 90' lang='lat' dir='ltr'>quam</span> <span class='ocrx_word' id='word_1_44' title='bbox 1074 442 1121 480; x_wconf 90' lang='lat' dir='ltr'>ut</span> <span class='ocrx_word' id='word_1_45' title='bbox 1154 439 1265 480; x_wconf 86' lang='lat' dir='ltr'>inter</span> <span class='ocrx_word' id='word_1_46' title='bbox 1297 438 1489 480; x_wconf 80' lang='lat' dir='ltr'>conviva-</span> 
     </span>
     <span class='ocr_line' id='line_1_12' title="bbox 131 499 1490 555; baseline -0.004 -12"><span class='ocrx_word' id='word_1_47' title='bbox 131 504 192 544; x_wconf 87' lang='lat' dir='ltr'>les</span> <span class='ocrx_word' id='word_1_48' title='bbox 225 501 349 543; x_wconf 89' lang='lat' dir='ltr'>ludos</span> <span class='ocrx_word' id='word_1_49' title='bbox 383 501 555 542; x_wconf 77' lang='lat' dir='ltr'>deberet</span> <span class='ocrx_word' id='word_1_50' title='bbox 588 499 764 542; x_wconf 90' lang='lat' dir='ltr'>ostendi.</span> <span class='ocrx_word' id='word_1_51' title='bbox 829 499 946 555; x_wconf 84' lang='lat' dir='ltr'>Ergo</span> <span class='ocrx_word' id='word_1_52' title='bbox 977 499 1251 553; x_wconf 83' lang='lat' dir='ltr'>interrogata,</span> <span class='ocrx_word' id='word_1_53' title='bbox 1284 512 1490 552; x_wconf 77' lang='lat' dir='ltr'>quaenam</span> 
     </span>
     <span class='ocr_line' id='line_1_13' title="bbox 134 556 1492 615; baseline -0.003 -14"><span class='ocrx_word' id='word_1_54' title='bbox 134 564 262 615; x_wconf 72' lang='lat' dir='ltr'>esset,</span> <span class='ocrx_word' id='word_1_55' title='bbox 294 561 456 615; x_wconf 88' lang='lat' dir='ltr'>neptim</span> <span class='ocrx_word' id='word_1_56' title='bbox 491 576 533 600; x_wconf 74' lang='lat' dir='ltr'>se</span> <span class='ocrx_word' id='word_1_57' title='bbox 567 558 693 607; x_wconf 84' lang='lat' dir='ltr'>Ochi,</span> <span class='ocrx_word' id='word_1_58' title='bbox 739 560 812 614; x_wconf 84' lang='lat' dir='ltr'>qui</span> <span class='ocrx_word' id='word_1_59' title='bbox 844 573 979 613; x_wconf 87' lang='lat' dir='ltr'>nuper</span> <span class='ocrx_word' id='word_1_60' title='bbox 1011 560 1229 614; x_wconf 74' lang='lat' dir='ltr'>regnasset</span> <span class='ocrx_word' id='word_1_61' title='bbox 1263 557 1304 598; x_wconf 88' lang='lat' dir='ltr'>in</span> <span class='ocrx_word' id='word_1_62' title='bbox 1337 556 1492 610; x_wconf 88' lang='lat' dir='ltr'>Persis,</span> 
     </span>
     <span class='ocr_line' id='line_1_14' title="bbox 135 616 1492 676; baseline -0.004 -15"><span class='ocrx_word' id='word_1_63' title='bbox 135 621 224 661; x_wconf 84' lang='lat' dir='ltr'>filio</span> <span class='ocrx_word' id='word_1_64' title='bbox 270 621 359 662; x_wconf 89' lang='lat' dir='ltr'>eius</span> <span class='ocrx_word' id='word_1_65' title='bbox 405 619 593 676; x_wconf 83' lang='lat' dir='ltr'>genitam</span> <span class='ocrx_word' id='word_1_66' title='bbox 639 633 728 660; x_wconf 88' lang='lat' dir='ltr'>esse</span> <span class='ocrx_word' id='word_1_67' title='bbox 770 617 1008 672; x_wconf 76' lang='lat' dir='ltr'>respondit,</span> <span class='ocrx_word' id='word_1_68' title='bbox 1052 631 1227 658; x_wconf 82' lang='lat' dir='ltr'>uxorem</span> <span class='ocrx_word' id='word_1_69' title='bbox 1261 616 1492 671; x_wconf 75' lang='lat' dir='ltr'>Hystaspis</span> 
     </span>
     <span class='ocr_line' id='line_1_15' title="bbox 134 675 1492 734; baseline -0.004 -13"><span class='ocrx_word' id='word_1_70' title='bbox 134 680 277 721; x_wconf 71' lang='lat' dir='ltr'>fuisse.</span> <span class='ocrx_word' id='word_1_71' title='bbox 342 679 613 734; x_wconf 86' lang='lat' dir='ltr'>Propinquus</span> <span class='ocrx_word' id='word_1_72' title='bbox 659 679 729 719; x_wconf 90' lang='lat' dir='ltr'>hic</span> <span class='ocrx_word' id='word_1_73' title='bbox 760 677 889 718; x_wconf 88' lang='lat' dir='ltr'>Darei</span> <span class='ocrx_word' id='word_1_74' title='bbox 932 677 1088 730; x_wconf 84' lang='lat' dir='ltr'>fuerat,</span> <span class='ocrx_word' id='word_1_75' title='bbox 1133 676 1278 731; x_wconf 85' lang='lat' dir='ltr'>magni</span> <span class='ocrx_word' id='word_1_76' title='bbox 1322 678 1364 717; x_wconf 93' lang='lat' dir='ltr'>et</span> <span class='ocrx_word' id='word_1_77' title='bbox 1401 675 1492 730; x_wconf 91' lang='lat' dir='ltr'>ipse</span> 
     </span>
     <span class='ocr_line' id='line_1_16' title="bbox 136 735 1491 793; baseline -0.004 -13"><span class='ocrx_word' id='word_1_78' title='bbox 136 740 346 780; x_wconf 80' lang='lat' dir='ltr'>exercitus</span> <span class='ocrx_word' id='word_1_79' title='bbox 391 741 571 793; x_wconf 89' lang='lat' dir='ltr'>praetor.</span> <span class='ocrx_word' id='word_1_80' title='bbox 635 737 788 778; x_wconf 84' lang='lat' dir='ltr'>Adhuc</span> <span class='ocrx_word' id='word_1_81' title='bbox 834 737 876 778; x_wconf 88' lang='lat' dir='ltr'>in</span> <span class='ocrx_word' id='word_1_82' title='bbox 922 736 1064 777; x_wconf 84' lang='lat' dir='ltr'>animo</span> <span class='ocrx_word' id='word_1_83' title='bbox 1106 735 1219 791; x_wconf 90' lang='lat' dir='ltr'>regis</span> <span class='ocrx_word' id='word_1_84' title='bbox 1251 738 1400 776; x_wconf 88' lang='lat' dir='ltr'>tenues</span> <span class='ocrx_word' id='word_1_85' title='bbox 1432 748 1491 775; x_wconf 89' lang='lat' dir='ltr'>re-</span> 
     </span>
     <span class='ocr_line' id='line_1_17' title="bbox 134 793 1495 854; baseline -0.004 -14"><span class='ocrx_word' id='word_1_86' title='bbox 134 799 293 853; x_wconf 84' lang='lat' dir='ltr'>liquiae</span> <span class='ocrx_word' id='word_1_87' title='bbox 324 798 495 854; x_wconf 89' lang='lat' dir='ltr'>pristini</span> <span class='ocrx_word' id='word_1_88' title='bbox 525 797 655 838; x_wconf 88' lang='lat' dir='ltr'>moris</span> <span class='ocrx_word' id='word_1_89' title='bbox 682 796 931 838; x_wconf 84' lang='lat' dir='ltr'>haerebant:</span> <span class='ocrx_word' id='word_1_90' title='bbox 963 795 1107 850; x_wconf 87' lang='lat' dir='ltr'>itaque</span> <span class='ocrx_word' id='word_1_91' title='bbox 1134 795 1350 836; x_wconf 89' lang='lat' dir='ltr'>fortunam</span> <span class='ocrx_word' id='word_1_92' title='bbox 1376 793 1495 849; x_wconf 83' lang='lat' dir='ltr'>regia</span> 
     </span>
     <span class='ocr_line' id='line_1_18' title="bbox 137 852 1494 913; baseline -0.004 -14"><span class='ocrx_word' id='word_1_93' title='bbox 137 859 269 912; x_wconf 84' lang='lat' dir='ltr'>stirpe</span> <span class='ocrx_word' id='word_1_94' title='bbox 314 858 482 913; x_wconf 84' lang='lat' dir='ltr'>genitae</span> <span class='ocrx_word' id='word_1_95' title='bbox 528 859 570 897; x_wconf 90' lang='lat' dir='ltr'>et</span> <span class='ocrx_word' id='word_1_96' title='bbox 614 859 701 897; x_wconf 86' lang='lat' dir='ltr'>tam</span> <span class='ocrx_word' id='word_1_97' title='bbox 748 855 911 897; x_wconf 88' lang='lat' dir='ltr'>celebre</span> <span class='ocrx_word' id='word_1_98' title='bbox 956 869 1111 896; x_wconf 91' lang='lat' dir='ltr'>nomen</span> <span class='ocrx_word' id='word_1_99' title='bbox 1146 852 1352 910; x_wconf 87' lang='lat' dir='ltr'>[neptem]</span> <span class='ocrx_word' id='word_1_100' title='bbox 1386 852 1494 894; x_wconf 83' lang='lat' dir='ltr'>Ochi</span> 
     </span>
     <span class='ocr_line' id='line_1_19' title="bbox 136 912 1495 969; baseline -0.004 -11"><span class='ocrx_word' id='word_1_101' title='bbox 136 917 344 959; x_wconf 84' lang='lat' dir='ltr'>reveritus</span> <span class='ocrx_word' id='word_1_102' title='bbox 370 931 457 958; x_wconf 91' lang='lat' dir='ltr'>non</span> <span class='ocrx_word' id='word_1_103' title='bbox 484 916 645 957; x_wconf 88' lang='lat' dir='ltr'>dimitti</span> <span class='ocrx_word' id='word_1_104' title='bbox 671 916 797 957; x_wconf 90' lang='lat' dir='ltr'>modo</span> <span class='ocrx_word' id='word_1_105' title='bbox 826 914 1051 969; x_wconf 87' lang='lat' dir='ltr'>captivam,</span> <span class='ocrx_word' id='word_1_106' title='bbox 1076 914 1150 955; x_wconf 86' lang='lat' dir='ltr'>sed</span> <span class='ocrx_word' id='word_1_107' title='bbox 1170 915 1295 955; x_wconf 83' lang='lat' dir='ltr'>etiam</span> <span class='ocrx_word' id='word_1_108' title='bbox 1327 912 1495 954; x_wconf 87' lang='lat' dir='ltr'>restitui</span> 
     </span>
     <span class='ocr_line' id='line_1_20' title="bbox 137 973 1494 1030; baseline -0.004 -12"><span class='ocrx_word' id='word_1_109' title='bbox 137 978 176 1018; x_wconf 87' lang='lat' dir='ltr'>ei</span> <span class='ocrx_word' id='word_1_110' title='bbox 209 991 307 1018; x_wconf 88' lang='lat' dir='ltr'>suas</span> <span class='ocrx_word' id='word_1_111' title='bbox 341 990 444 1030; x_wconf 87' lang='lat' dir='ltr'>opes</span> <span class='ocrx_word' id='word_1_112' title='bbox 477 976 618 1030; x_wconf 88' lang='lat' dir='ltr'>iussit,</span> <span class='ocrx_word' id='word_1_113' title='bbox 659 975 798 1017; x_wconf 87' lang='lat' dir='ltr'>virum</span> <span class='ocrx_word' id='word_1_114' title='bbox 831 988 1000 1028; x_wconf 90' lang='lat' dir='ltr'>quoque</span> <span class='ocrx_word' id='word_1_115' title='bbox 1032 973 1209 1027; x_wconf 83' lang='lat' dir='ltr'>requiri,</span> <span class='ocrx_word' id='word_1_116' title='bbox 1248 975 1296 1014; x_wconf 91' lang='lat' dir='ltr'>ut</span> <span class='ocrx_word' id='word_1_117' title='bbox 1327 974 1494 1026; x_wconf 86' lang='lat' dir='ltr'>reperto</span> 
     </span>
     <span class='ocr_line' id='line_1_21' title="bbox 138 1030 1494 1091; baseline -0.004 -14"><span class='ocrx_word' id='word_1_118' title='bbox 138 1037 362 1091; x_wconf 82' lang='lat' dir='ltr'>coniugem</span> <span class='ocrx_word' id='word_1_119' title='bbox 406 1035 610 1076; x_wconf 88' lang='lat' dir='ltr'>redderet.</span> <span class='ocrx_word' id='word_1_120' title='bbox 674 1034 850 1076; x_wconf 88' lang='lat' dir='ltr'>Postero</span> <span class='ocrx_word' id='word_1_121' title='bbox 892 1036 1034 1075; x_wconf 86' lang='lat' dir='ltr'>autem</span> <span class='ocrx_word' id='word_1_122' title='bbox 1067 1033 1133 1074; x_wconf 90' lang='lat' dir='ltr'>die</span> <span class='ocrx_word' id='word_1_123' title='bbox 1164 1031 1381 1087; x_wconf 86' lang='lat' dir='ltr'>praecepit</span> <span class='ocrx_word' id='word_1_124' title='bbox 1413 1030 1494 1072; x_wconf 88' lang='lat' dir='ltr'>He-</span> 
     </span>
     <span class='ocr_line' id='line_1_22' title="bbox 141 1089 1494 1150; baseline -0.004 -14"><span class='ocrx_word' id='word_1_125' title='bbox 141 1095 394 1150; x_wconf 85' lang='lat' dir='ltr'>phaestioni,</span> <span class='ocrx_word' id='word_1_126' title='bbox 415 1098 461 1136; x_wconf 87' lang='lat' dir='ltr'>ut</span> <span class='ocrx_word' id='word_1_127' title='bbox 491 1108 637 1135; x_wconf 90' lang='lat' dir='ltr'>omnes</span> <span class='ocrx_word' id='word_1_128' title='bbox 664 1094 854 1148; x_wconf 88' lang='lat' dir='ltr'>captivos</span> <span class='ocrx_word' id='word_1_129' title='bbox 882 1094 927 1134; x_wconf 86' lang='lat' dir='ltr'>in</span> <span class='ocrx_word' id='word_1_130' title='bbox 952 1092 1114 1148; x_wconf 86' lang='lat' dir='ltr'>regiam</span> <span class='ocrx_word' id='word_1_131' title='bbox 1139 1091 1305 1133; x_wconf 86' lang='lat' dir='ltr'>iuberet</span> <span class='ocrx_word' id='word_1_132' title='bbox 1331 1089 1494 1132; x_wconf 86' lang='lat' dir='ltr'>adduci.</span> 
     </span>
     <span class='ocr_line' id='line_1_23' title="bbox 139 1151 1497 1210; baseline -0.004 -14"><span class='ocrx_word' id='word_1_133' title='bbox 139 1155 202 1197; x_wconf 86' lang='lat' dir='ltr'>lbi</span> <span class='ocrx_word' id='word_1_134' title='bbox 248 1155 515 1210; x_wconf 86' lang='lat' dir='ltr'>singulorum</span> <span class='ocrx_word' id='word_1_135' title='bbox 560 1153 787 1195; x_wconf 89' lang='lat' dir='ltr'>nobilitate</span> <span class='ocrx_word' id='word_1_136' title='bbox 832 1155 1021 1207; x_wconf 85' lang='lat' dir='ltr'>spectata</span> <span class='ocrx_word' id='word_1_137' title='bbox 1066 1151 1244 1193; x_wconf 85' lang='lat' dir='ltr'>secrevit</span> <span class='ocrx_word' id='word_1_138' title='bbox 1288 1165 1311 1190; x_wconf 90' lang='lat' dir='ltr'>a</span> <span class='ocrx_word' id='word_1_139' title='bbox 1355 1151 1497 1205; x_wconf 78' lang='lat' dir='ltr'>vulgo,</span> 
     </span>
     <span class='ocr_line' id='line_1_24' title="bbox 140 1210 1496 1269; baseline -0.005 -13"><span class='ocrx_word' id='word_1_140' title='bbox 140 1229 323 1269; x_wconf 89' lang='lat' dir='ltr'>quorum</span> <span class='ocrx_word' id='word_1_141' title='bbox 368 1213 582 1255; x_wconf 82' lang='lat' dir='ltr'>eminebat</span> <span class='ocrx_word' id='word_1_142' title='bbox 630 1227 775 1269; x_wconf 87' lang='lat' dir='ltr'>genus.</span> <span class='ocrx_word' id='word_1_143' title='bbox 850 1224 883 1253; x_wconf 89' lang='lat' dir='ltr'>M</span> <span class='ocrx_word' id='word_1_144' title='bbox 922 1211 967 1253; x_wconf 91' lang='lat' dir='ltr'>hi</span> <span class='ocrx_word' id='word_1_145' title='bbox 1000 1211 1186 1252; x_wconf 87' lang='lat' dir='ltr'>fuerunt:</span> <span class='ocrx_word' id='word_1_146' title='bbox 1235 1210 1345 1252; x_wconf 85' lang='lat' dir='ltr'>inter</span> <span class='ocrx_word' id='word_1_147' title='bbox 1389 1223 1496 1264; x_wconf 89' lang='lat' dir='ltr'>quos</span> 
     </span>
     <span class='ocr_line' id='line_1_25' title="bbox 139 1269 1498 1328; baseline -0.004 -13"><span class='ocrx_word' id='word_1_148' title='bbox 139 1276 333 1328; x_wconf 89' lang='lat' dir='ltr'>repertus</span> <span class='ocrx_word' id='word_1_149' title='bbox 367 1276 430 1315; x_wconf 91' lang='lat' dir='ltr'>est</span> <span class='ocrx_word' id='word_1_150' title='bbox 463 1272 686 1325; x_wconf 78' lang='lat' dir='ltr'>Oxathres,</span> <span class='ocrx_word' id='word_1_151' title='bbox 718 1271 847 1313; x_wconf 90' lang='lat' dir='ltr'>Darei</span> <span class='ocrx_word' id='word_1_152' title='bbox 879 1272 1021 1324; x_wconf 88' lang='lat' dir='ltr'>frater,</span> <span class='ocrx_word' id='word_1_153' title='bbox 1060 1284 1145 1311; x_wconf 89' lang='lat' dir='ltr'>non</span> <span class='ocrx_word' id='word_1_154' title='bbox 1179 1269 1294 1311; x_wconf 80' lang='lat' dir='ltr'>injus</span> <span class='ocrx_word' id='word_1_155' title='bbox 1325 1269 1498 1310; x_wconf 83' lang='lat' dir='ltr'>fortuna</span> 
     </span>
     <span class='ocr_line' id='line_1_26' title="bbox 141 1329 1496 1388; baseline -0.004 -14"><span class='ocrx_word' id='word_1_156' title='bbox 141 1348 269 1388; x_wconf 90' lang='lat' dir='ltr'>quam</span> <span class='ocrx_word' id='word_1_157' title='bbox 314 1332 455 1374; x_wconf 88' lang='lat' dir='ltr'>indole</span> <span class='ocrx_word' id='word_1_158' title='bbox 494 1332 625 1373; x_wconf 87' lang='lat' dir='ltr'>animi</span> <span class='ocrx_word' id='word_1_159' title='bbox 665 1331 729 1373; x_wconf 86' lang='lat' dir='ltr'>sui</span> <span class='ocrx_word' id='word_1_160' title='bbox 763 1331 927 1373; x_wconf 86' lang='lat' dir='ltr'>clarior.</span> <span class='ocrx_word' id='word_1_161' title='bbox 990 1341 1103 1370; x_wconf 81' lang='lat' dir='ltr'><strong>XXVI</strong></span> <span class='ocrx_word' id='word_1_162' title='bbox 1135 1329 1256 1371; x_wconf 73' lang='lat' dir='ltr'>milia</span> <span class='ocrx_word' id='word_1_163' title='bbox 1289 1329 1496 1369; x_wconf 83' lang='lat' dir='ltr'>talentum</span> 
     </span>
     <span class='ocr_line' id='line_1_27' title="bbox 142 1388 1498 1447; baseline -0.005 -13"><span class='ocrx_word' id='word_1_164' title='bbox 142 1394 336 1447; x_wconf 78' lang='lat' dir='ltr'>proxima</span> <span class='ocrx_word' id='word_1_165' title='bbox 366 1391 523 1446; x_wconf 88' lang='lat' dir='ltr'>praeda</span> <span class='ocrx_word' id='word_1_166' title='bbox 554 1392 724 1432; x_wconf 87' lang='lat' dir='ltr'>redacta</span> <span class='ocrx_word' id='word_1_167' title='bbox 756 1393 876 1431; x_wconf 87' lang='lat' dir='ltr'>erant</span> <span class='ocrx_word' id='word_1_168' title='bbox 910 1390 1100 1431; x_wconf 90' lang='lat' dir='ltr'>omnino:</span> <span class='ocrx_word' id='word_1_169' title='bbox 1133 1388 1354 1430; x_wconf 87' lang='lat' dir='ltr'>duodecim</span> <span class='ocrx_word' id='word_1_170' title='bbox 1380 1388 1498 1428; x_wconf 87' lang='lat' dir='ltr'>milia</span> 
     </span>
     <span class='ocr_line' id='line_1_28' title="bbox 141 1447 1498 1507; baseline -0.004 -14"><span class='ocrx_word' id='word_1_171' title='bbox 141 1453 183 1494; x_wconf 88' lang='lat' dir='ltr'>in</span> <span class='ocrx_word' id='word_1_172' title='bbox 228 1451 495 1507; x_wconf 84' lang='lat' dir='ltr'>congiarium</span> <span class='ocrx_word' id='word_1_173' title='bbox 540 1451 726 1492; x_wconf 88' lang='lat' dir='ltr'>militum</span> <span class='ocrx_word' id='word_1_174' title='bbox 769 1450 997 1503; x_wconf 86' lang='lat' dir='ltr'>absumpta</span> <span class='ocrx_word' id='word_1_175' title='bbox 1029 1450 1145 1501; x_wconf 88' lang='lat' dir='ltr'>sunt,</span> <span class='ocrx_word' id='word_1_176' title='bbox 1189 1463 1267 1502; x_wconf 89' lang='lat' dir='ltr'>par</span> <span class='ocrx_word' id='word_1_177' title='bbox 1297 1447 1395 1487; x_wconf 90' lang='lat' dir='ltr'>huic</span> <span class='ocrx_word' id='word_1_178' title='bbox 1428 1460 1498 1501; x_wconf 84' lang='lat' dir='ltr'>pe-</span> 
     </span>
     <span class='ocr_line' id='line_1_29' title="bbox 142 1504 1499 1559; baseline -0.005 -7"><span class='ocrx_word' id='word_1_179' title='bbox 142 1512 291 1554; x_wconf 87' lang='lat' dir='ltr'>cuniae</span> <span class='ocrx_word' id='word_1_180' title='bbox 328 1526 493 1552; x_wconf 88' lang='lat' dir='ltr'>summa</span> <span class='ocrx_word' id='word_1_181' title='bbox 531 1510 754 1552; x_wconf 89' lang='lat' dir='ltr'>custodum</span> <span class='ocrx_word' id='word_1_182' title='bbox 796 1509 942 1551; x_wconf 86' lang='lat' dir='ltr'>fraude</span> <span class='ocrx_word' id='word_1_183' title='bbox 982 1508 1199 1549; x_wconf 86' lang='lat' dir='ltr'>subtracta</span> <span class='ocrx_word' id='word_1_184' title='bbox 1238 1510 1312 1548; x_wconf 89' lang='lat' dir='ltr'>est.</span> <span class='ocrx_word' id='word_1_185' title='bbox 1388 1504 1499 1559; x_wconf 78' lang='lat' dir='ltr'>Oxy-</span> 
     </span>
     <span class='ocr_line' id='line_1_30' title="bbox 143 1565 1498 1623; baseline -0.005 -11"><span class='ocrx_word' id='word_1_186' title='bbox 143 1571 259 1612; x_wconf 88' lang='lat' dir='ltr'>dates</span> <span class='ocrx_word' id='word_1_187' title='bbox 287 1573 377 1612; x_wconf 89' lang='lat' dir='ltr'>erat</span> <span class='ocrx_word' id='word_1_188' title='bbox 402 1570 559 1611; x_wconf 86' lang='lat' dir='ltr'>nobilis</span> <span class='ocrx_word' id='word_1_189' title='bbox 586 1569 747 1622; x_wconf 87' lang='lat' dir='ltr'>Perses,</span> <span class='ocrx_word' id='word_1_190' title='bbox 774 1569 847 1623; x_wconf 77' lang='lat' dir='ltr'>qui</span> <span class='ocrx_word' id='word_1_191' title='bbox 874 1583 898 1609; x_wconf 91' lang='lat' dir='ltr'>a</span> <span class='ocrx_word' id='word_1_192' title='bbox 923 1567 1062 1608; x_wconf 92' lang='lat' dir='ltr'>Dareo</span> <span class='ocrx_word' id='word_1_193' title='bbox 1091 1566 1260 1620; x_wconf 86' lang='lat' dir='ltr'>capitali</span> <span class='ocrx_word' id='word_1_194' title='bbox 1289 1565 1498 1619; x_wconf 84' lang='lat' dir='ltr'>supplicio</span> 
     </span>
     <span class='ocr_line' id='line_1_31' title="bbox 144 1625 1499 1672; baseline -0.004 -1"><span class='ocrx_word' id='word_1_195' title='bbox 144 1631 381 1672; x_wconf 84' lang='lat' dir='ltr'>destinatus</span> <span class='ocrx_word' id='word_1_196' title='bbox 411 1629 691 1670; x_wconf 85' lang='lat' dir='ltr'>cohibebatur</span> <span class='ocrx_word' id='word_1_197' title='bbox 720 1629 760 1668; x_wconf 89' lang='lat' dir='ltr'>in</span> <span class='ocrx_word' id='word_1_198' title='bbox 793 1627 993 1670; x_wconf 82' lang='lat' dir='ltr'>vinculis:</span> <span class='ocrx_word' id='word_1_199' title='bbox 1031 1626 1131 1667; x_wconf 88' lang='lat' dir='ltr'>huic</span> <span class='ocrx_word' id='word_1_200' title='bbox 1161 1625 1342 1667; x_wconf 87' lang='lat' dir='ltr'>liberato</span> <span class='ocrx_word' id='word_1_201' title='bbox 1371 1627 1499 1666; x_wconf 83' lang='lat' dir='ltr'>satra-</span> 
     </span>
     <span class='ocr_line' id='line_1_32' title="bbox 143 1684 1499 1745; baseline -0.005 -14"><span class='ocrx_word' id='word_1_202' title='bbox 143 1705 265 1745; x_wconf 84' lang='lat' dir='ltr'>peam</span> <span class='ocrx_word' id='word_1_203' title='bbox 293 1689 457 1730; x_wconf 84' lang='lat' dir='ltr'>Mediae</span> <span class='ocrx_word' id='word_1_204' title='bbox 490 1688 690 1729; x_wconf 88' lang='lat' dir='ltr'>attribuit</span> <span class='ocrx_word' id='word_1_205' title='bbox 721 1688 981 1741; x_wconf 85' lang='lat' dir='ltr'>fratremque</span> <span class='ocrx_word' id='word_1_206' title='bbox 1009 1685 1138 1727; x_wconf 89' lang='lat' dir='ltr'>Darei</span> <span class='ocrx_word' id='word_1_207' title='bbox 1165 1685 1325 1739; x_wconf 87' lang='lat' dir='ltr'>recepit</span> <span class='ocrx_word' id='word_1_208' title='bbox 1358 1684 1401 1724; x_wconf 92' lang='lat' dir='ltr'>in</span> <span class='ocrx_word' id='word_1_209' title='bbox 1433 1697 1499 1725; x_wconf 92' lang='lat' dir='ltr'>co-</span> 
     </span>
     <span class='ocr_line' id='line_1_33' title="bbox 144 1745 1499 1790; baseline -0.005 0"><span class='ocrx_word' id='word_1_210' title='bbox 144 1751 310 1790; x_wconf 86' lang='lat' dir='ltr'>hortem</span> <span class='ocrx_word' id='word_1_211' title='bbox 332 1749 564 1789; x_wconf 89' lang='lat' dir='ltr'>amicorum</span> <span class='ocrx_word' id='word_1_212' title='bbox 581 1749 697 1789; x_wconf 88' lang='lat' dir='ltr'>omni</span> <span class='ocrx_word' id='word_1_213' title='bbox 713 1749 903 1788; x_wconf 85' lang='lat' dir='ltr'>vetustae</span> <span class='ocrx_word' id='word_1_214' title='bbox 918 1745 1125 1787; x_wconf 87' lang='lat' dir='ltr'>claritatis</span> <span class='ocrx_word' id='word_1_215' title='bbox 1145 1745 1306 1785; x_wconf 90' lang='lat' dir='ltr'>honore</span> <span class='ocrx_word' id='word_1_216' title='bbox 1321 1746 1499 1785; x_wconf 85' lang='lat' dir='ltr'>servato.</span> 
     </span>
    </p>
   </div>
   <div class='ocr_carea' id='block_1_8' title="bbox 144 1836 1501 2161">
    <p class='ocr_par' dir='ltr' id='par_1_8' title="bbox 144 1836 1501 2161">
     <span class='ocr_line' id='line_1_34' title="bbox 242 1836 1497 1885; baseline -0.006 -9"><span class='ocrx_word' id='word_1_217' title='bbox 242 1847 257 1875; x_wconf 90' lang='lat'>1</span> <span class='ocrx_word' id='word_1_218' title='bbox 288 1852 398 1885; x_wconf 84' lang='lat' dir='ltr'>saepe</span> <span class='ocrx_word' id='word_1_219' title='bbox 418 1841 564 1884; x_wconf 79' lang='lat' dir='ltr'>scripsi:</span> <span class='ocrx_word' id='word_1_220' title='bbox 592 1840 671 1884; x_wconf 84' lang='lat' dir='ltr'>ipse</span> <span class='ocrx_word' id='word_1_221' title='bbox 693 1843 732 1873; x_wconf 83' lang='lat' dir='ltr'>A.</span> <span class='ocrx_word' id='word_1_222' title='bbox 808 1844 826 1873; x_wconf 78' lang='lat'>2</span> <span class='ocrx_word' id='word_1_223' title='bbox 854 1837 1076 1884; x_wconf 80' lang='lat' dir='ltr'>verecunde]</span> <span class='ocrx_word' id='word_1_224' title='bbox 1102 1836 1313 1871; x_wconf 85' lang='lat' dir='ltr'>ueracunde</span> <span class='ocrx_word' id='word_1_225' title='bbox 1333 1839 1358 1868; x_wconf 90' lang='lat' dir='ltr'>P</span> <span class='ocrx_word' id='word_1_226' title='bbox 1378 1847 1421 1869; x_wconf 86' lang='lat' dir='ltr'>m.</span> <span class='ocrx_word' id='word_1_227' title='bbox 1440 1847 1497 1879; x_wconf 77' lang='lat' dir='ltr'>pr.</span> 
     </span>
     <span class='ocr_line' id='line_1_35' title="bbox 145 1883 1500 1934; baseline -0.004 -14"><span class='ocrx_word' id='word_1_228' title='bbox 145 1894 164 1922; x_wconf 68' lang='lat'>:5</span> <span class='ocrx_word' id='word_1_229' title='bbox 192 1889 431 1934; x_wconf 85' lang='lat' dir='ltr'>honestabat]</span> <span class='ocrx_word' id='word_1_230' title='bbox 453 1887 715 1922; x_wconf 78' lang='lat' dir='ltr'>homnestabat</span> <span class='ocrx_word' id='word_1_231' title='bbox 736 1891 775 1920; x_wconf 87' lang='lat' dir='ltr'>V.</span> <span class='ocrx_word' id='word_1_232' title='bbox 863 1891 883 1920; x_wconf 76' lang='lat'>4</span> <span class='ocrx_word' id='word_1_233' title='bbox 911 1885 1176 1930; x_wconf 81' lang='lat' dir='ltr'>suspicionem]</span> <span class='ocrx_word' id='word_1_234' title='bbox 1198 1883 1441 1928; x_wconf 78' lang='lat' dir='ltr'>suspitionem</span> <span class='ocrx_word' id='word_1_235' title='bbox 1462 1886 1500 1915; x_wconf 86' lang='lat' dir='ltr'>P.</span> 
     </span>
     <span class='ocr_line' id='line_1_36' title="bbox 145 1932 1499 1979; baseline -0.007 -8"><span class='ocrx_word' id='word_1_236' title='bbox 145 1941 164 1971; x_wconf 85' lang='lat'>5</span> <span class='ocrx_word' id='word_1_237' title='bbox 193 1935 404 1971; x_wconf 74' lang='lat' dir='ltr'>convivales</span> <span class='ocrx_word' id='word_1_238' title='bbox 429 1940 455 1969; x_wconf 89' lang='lat' dir='ltr'>P</span> <span class='ocrx_word' id='word_1_239' title='bbox 478 1948 519 1969; x_wconf 83' lang='lat' dir='ltr'>m.</span> <span class='ocrx_word' id='word_1_240' title='bbox 538 1947 613 1979; x_wconf 64' lang='lat' dir='ltr'>luz:</span> <span class='ocrx_word' id='word_1_241' title='bbox 642 1933 872 1969; x_wconf 86' lang='lat' dir='ltr'>conuiuiales</span> <span class='ocrx_word' id='word_1_242' title='bbox 900 1937 931 1967; x_wconf 88' lang='lat' dir='ltr'>C.</span> <span class='ocrx_word' id='word_1_243' title='bbox 1019 1937 1034 1966; x_wconf 82' lang='grc' dir='ltr'>ῖ</span> <span class='ocrx_word' id='word_1_244' title='bbox 1063 1932 1206 1976; x_wconf 83' lang='lat' dir='ltr'>neptim</span> <span class='ocrx_word' id='word_1_245' title='bbox 1233 1935 1270 1964; x_wconf 88' lang='lat' dir='ltr'>C:</span> <span class='ocrx_word' id='word_1_246' title='bbox 1299 1938 1447 1974; x_wconf 86' lang='lat' dir='ltr'>neptem</span> <span class='ocrx_word' id='word_1_247' title='bbox 1474 1933 1499 1962; x_wconf 88' lang='lat' dir='ltr'>P</span> 
     </span>
     <span class='ocr_line' id='line_1_37' title="bbox 147 1978 1501 2029; baseline -0.006 -11"><span class='ocrx_word' id='word_1_248' title='bbox 147 1996 258 2029; x_wconf 66' lang='lat' dir='ltr'>mpr.</span> <span class='ocrx_word' id='word_1_249' title='bbox 334 1987 354 2017; x_wconf 92' lang='grc'>8</span> <span class='ocrx_word' id='word_1_250' title='bbox 375 1983 573 2027; x_wconf 67' lang='lat' dir='ltr'>Hystaspis</span> <span class='ocrx_word' id='word_1_251' title='bbox 588 1982 814 2017; x_wconf 70' lang='lat' dir='ltr'>Lcmctz&#39;rius:</span> <span class='ocrx_word' id='word_1_252' title='bbox 830 1981 1018 2025; x_wconf 78' lang='lat' dir='ltr'>hystapsis</span> <span class='ocrx_word' id='word_1_253' title='bbox 1032 1984 1068 2022; x_wconf 79' lang='lat' dir='ltr'>P,</span> <span class='ocrx_word' id='word_1_254' title='bbox 1083 1978 1261 2022; x_wconf 84' lang='lat' dir='ltr'>hist-apsis</span> <span class='ocrx_word' id='word_1_255' title='bbox 1273 1983 1305 2011; x_wconf 87' lang='lat' dir='ltr'>c.</span> <span class='ocrx_word' id='word_1_256' title='bbox 1383 1981 1401 2011; x_wconf 86' lang='grc'><strong>9</strong></span> <span class='ocrx_word' id='word_1_257' title='bbox 1416 1988 1501 2021; x_wconf 89' lang='lat' dir='ltr'>pro-</span> 
     </span>
     <span class='ocr_line' id='line_1_38' title="bbox 144 2025 1498 2077; baseline -0.005 -12"><span class='ocrx_word' id='word_1_258' title='bbox 144 2032 322 2077; x_wconf 83' lang='lat' dir='ltr'>pinquus]</span> <span class='ocrx_word' id='word_1_259' title='bbox 337 2030 557 2075; x_wconf 85' lang='lat' dir='ltr'>propinquis</span> <span class='ocrx_word' id='word_1_260' title='bbox 572 2033 597 2062; x_wconf 89' lang='lat' dir='ltr'>L</span> <span class='ocrx_word' id='word_1_261' title='bbox 611 2041 655 2063; x_wconf 82' lang='lat' dir='ltr'>m.</span> <span class='ocrx_word' id='word_1_262' title='bbox 666 2041 724 2074; x_wconf 79' lang='lat' dir='ltr'>pr.</span> <span class='ocrx_word' id='word_1_263' title='bbox 740 2033 765 2062; x_wconf 90' lang='lat' dir='ltr'>P</span> <span class='ocrx_word' id='word_1_264' title='bbox 781 2041 822 2062; x_wconf 86' lang='lat' dir='ltr'>m.</span> <span class='ocrx_word' id='word_1_265' title='bbox 834 2041 891 2073; x_wconf 81' lang='lat' dir='ltr'>pr.</span> <span class='ocrx_word' id='word_1_266' title='bbox 970 2031 1010 2061; x_wconf 73' lang='lat'>1⁶2</span> <span class='ocrx_word' id='word_1_267' title='bbox 1033 2027 1214 2073; x_wconf 79' lang='lat' dir='ltr'>[neptem]</span> <span class='ocrx_word' id='word_1_268' title='bbox 1233 2026 1297 2060; x_wconf 77' lang='lat' dir='ltr'>del.</span> <span class='ocrx_word' id='word_1_269' title='bbox 1314 2025 1498 2060; x_wconf 80' lang='lat' dir='ltr'>Prohasel.</span> 
     </span>
     <span class='ocr_line' id='line_1_39' title="bbox 147 2073 1500 2123; baseline -0.006 -10"><span class='ocrx_word' id='word_1_270' title='bbox 147 2084 190 2115; x_wconf 84' lang='lat'>15</span> <span class='ocrx_word' id='word_1_271' title='bbox 216 2078 487 2123; x_wconf 84' lang='lat' dir='ltr'>Hephaestioni</span> <span class='ocrx_word' id='word_1_272' title='bbox 511 2077 679 2121; x_wconf 70' lang='lat' dir='ltr'>Cos-pius:</span> <span class='ocrx_word' id='word_1_273' title='bbox 708 2076 916 2121; x_wconf 85' lang='lat' dir='ltr'>ephestioni</span> <span class='ocrx_word' id='word_1_274' title='bbox 943 2079 976 2115; x_wconf 73' lang='lat' dir='ltr'>c,</span> <span class='ocrx_word' id='word_1_275' title='bbox 1003 2073 1205 2118; x_wconf 85' lang='lat' dir='ltr'>ephistioni</span> <span class='ocrx_word' id='word_1_276' title='bbox 1224 2077 1260 2107; x_wconf 90' lang='lat' dir='ltr'>P.</span> <span class='ocrx_word' id='word_1_277' title='bbox 1345 2075 1388 2105; x_wconf 83' lang='lat'>20</span> <span class='ocrx_word' id='word_1_278' title='bbox 1414 2084 1500 2106; x_wconf 74' lang='lat' dir='ltr'>xxvr</span> 
     </span>
     <span class='ocr_line' id='line_1_40' title="bbox 149 2119 1500 2161; baseline -0.006 -1"><span class='ocrx_word' id='word_1_279' title='bbox 149 2128 272 2161; x_wconf 77' lang='lat' dir='ltr'>milia</span> <span class='ocrx_word' id='word_1_280' title='bbox 294 2130 327 2160; x_wconf 95' lang='lat'>1:</span> <span class='ocrx_word' id='word_1_281' title='bbox 355 2138 439 2159; x_wconf 80' lang='lat' dir='ltr'>xxv1</span> <span class='ocrx_word' id='word_1_282' title='bbox 467 2129 505 2158; x_wconf 84' lang='lat' dir='ltr'>A.</span> <span class='ocrx_word' id='word_1_283' title='bbox 582 2128 623 2158; x_wconf 82' lang='lat'>21</span> <span class='ocrx_word' id='word_1_284' title='bbox 648 2124 798 2158; x_wconf 81' lang='lat' dir='ltr'>redacta</span> <span class='ocrx_word' id='word_1_285' title='bbox 818 2123 1040 2158; x_wconf 77' lang='lat' dir='ltr'>Frobenius:</span> <span class='ocrx_word' id='word_1_286' title='bbox 1062 2122 1216 2155; x_wconf 81' lang='lat' dir='ltr'>reducta</span> <span class='ocrx_word' id='word_1_287' title='bbox 1235 2123 1274 2153; x_wconf 81' lang='lat' dir='ltr'>A.</span> <span class='ocrx_word' id='word_1_288' title='bbox 1350 2119 1500 2153; x_wconf 86' lang='lat' dir='ltr'>omnino</span> 
     </span>
    </p>
   </div>
   <div class='ocr_carea' id='block_1_9' title="bbox 146 2167 1501 2312">
    <p class='ocr_par' dir='ltr' id='par_1_9' title="bbox 146 2167 1501 2312">
     <span class='ocr_line' id='line_1_41' title="bbox 146 2167 1426 2218; baseline -0.007 -10"><span class='ocrx_word' id='word_1_289' title='bbox 146 2175 292 2217; x_wconf 66' lang='lat' dir='ltr'>scripsi:</span> <span class='ocrx_word' id='word_1_290' title='bbox 321 2173 404 2218; x_wconf 88' lang='lat' dir='ltr'>quis</span> <span class='ocrx_word' id='word_1_291' title='bbox 431 2184 450 2206; x_wconf 90' lang='lat' dir='ltr'>e</span> <span class='ocrx_word' id='word_1_292' title='bbox 477 2176 515 2205; x_wconf 82' lang='lat' dir='ltr'>A.</span> <span class='ocrx_word' id='word_1_293' title='bbox 616 2176 658 2206; x_wconf 75' lang='lat'>:22</span> <span class='ocrx_word' id='word_1_294' title='bbox 686 2171 882 2215; x_wconf 83' lang='lat' dir='ltr'>absumpta</span> <span class='ocrx_word' id='word_1_295' title='bbox 911 2170 1132 2204; x_wconf 75' lang='lat' dir='ltr'>Frobem&#39;us:</span> <span class='ocrx_word' id='word_1_296' title='bbox 1165 2167 1362 2211; x_wconf 85' lang='lat' dir='ltr'>adsumpta</span> <span class='ocrx_word' id='word_1_297' title='bbox 1388 2169 1426 2199; x_wconf 85' lang='grc' dir='ltr'>Δ.</span> 
     </span>
     <span class='ocr_line' id='line_1_42' title="bbox 146 2213 1497 2267; baseline -0.007 -12"><span class='ocrx_word' id='word_1_298' title='bbox 146 2222 230 2267; x_wconf 84' lang='lat' dir='ltr'>par]</span> <span class='ocrx_word' id='word_1_299' title='bbox 258 2232 324 2265; x_wconf 89' lang='lat' dir='ltr'>per</span> <span class='ocrx_word' id='word_1_300' title='bbox 348 2224 386 2255; x_wconf 83' lang='lat' dir='ltr'>V.</span> <span class='ocrx_word' id='word_1_301' title='bbox 487 2224 530 2254; x_wconf 80' lang='lat'>23</span> <span class='ocrx_word' id='word_1_302' title='bbox 559 2219 746 2263; x_wconf 72' lang='lat' dir='ltr'>Oxydates</span> <span class='ocrx_word' id='word_1_303' title='bbox 774 2218 908 2252; x_wconf 75' lang='lat' dir='ltr'>Aldus:</span> <span class='ocrx_word' id='word_1_304' title='bbox 937 2217 1104 2251; x_wconf 78' lang='lat' dir='ltr'>oxidates</span> <span class='ocrx_word' id='word_1_305' title='bbox 1131 2219 1168 2249; x_wconf 77' lang='lat' dir='ltr'>A.</span> <span class='ocrx_word' id='word_1_306' title='bbox 1276 2219 1319 2248; x_wconf 70' lang='lat'>24</span> <span class='ocrx_word' id='word_1_307' title='bbox 1346 2213 1497 2258; x_wconf 63' lang='lat' dir='ltr'>nobilis]</span> 
     </span>
     <span class='ocr_line' id='line_1_43' title="bbox 148 2261 1501 2312; baseline -0.007 -9"><span class='ocrx_word' id='word_1_308' title='bbox 148 2268 290 2303; x_wconf 79' lang='lat' dir='ltr'>nobiles</span> <span class='ocrx_word' id='word_1_309' title='bbox 310 2272 335 2302; x_wconf 92' lang='lat' dir='ltr'>P</span> <span class='ocrx_word' id='word_1_310' title='bbox 356 2280 399 2301; x_wconf 79' lang='lat' dir='ltr'>m.</span> <span class='ocrx_word' id='word_1_311' title='bbox 415 2280 473 2312; x_wconf 76' lang='lat' dir='ltr'>pr.</span> <span class='ocrx_word' id='word_1_312' title='bbox 574 2266 637 2309; x_wconf 85' lang='lat' dir='ltr'>qui</span> <span class='ocrx_word' id='word_1_313' title='bbox 664 2279 729 2300; x_wconf 73' lang='lat' dir='ltr'>om.</span> <span class='ocrx_word' id='word_1_314' title='bbox 751 2269 776 2298; x_wconf 91' lang='lat' dir='ltr'>P</span> <span class='ocrx_word' id='word_1_315' title='bbox 796 2278 839 2299; x_wconf 85' lang='lat' dir='ltr'>m.</span> <span class='ocrx_word' id='word_1_316' title='bbox 857 2277 913 2309; x_wconf 74' lang='lat' dir='ltr'>pr.</span> <span class='ocrx_word' id='word_1_317' title='bbox 1014 2268 1057 2297; x_wconf 76' lang='lat'>25</span> <span class='ocrx_word' id='word_1_318' title='bbox 1083 2262 1258 2308; x_wconf 84' lang='lat' dir='ltr'>liberato]</span> <span class='ocrx_word' id='word_1_319' title='bbox 1285 2261 1442 2296; x_wconf 54' lang='lat' dir='ltr'>liberzto</span> <span class='ocrx_word' id='word_1_320' title='bbox 1462 2264 1501 2303; x_wconf 87' lang='lat' dir='ltr'>P,</span> 
     </span>
    </p>
   </div>
   <div class='ocr_carea' id='block_1_10' title="bbox 148 2311 1425 2397">
    <p class='ocr_par' dir='ltr' id='par_1_10' title="bbox 148 2311 1425 2397">
     <span class='ocr_line' id='line_1_44' title="bbox 148 2311 1425 2359; baseline -0.006 -9"><span class='ocrx_word' id='word_1_321' title='bbox 148 2316 282 2350; x_wconf 84' lang='lat' dir='ltr'>liberto</span> <span class='ocrx_word' id='word_1_322' title='bbox 304 2319 340 2349; x_wconf 84' lang='lat' dir='ltr'>B.</span> <span class='ocrx_word' id='word_1_323' title='bbox 416 2318 460 2349; x_wconf 79' lang='lat'>26</span> <span class='ocrx_word' id='word_1_324' title='bbox 481 2314 637 2359; x_wconf 85' lang='lat' dir='ltr'>recepit]</span> <span class='ocrx_word' id='word_1_325' title='bbox 657 2313 824 2357; x_wconf 84' lang='lat' dir='ltr'>recoepit</span> <span class='ocrx_word' id='word_1_326' title='bbox 843 2316 878 2345; x_wconf 90' lang='lat' dir='ltr'>P.</span> <span class='ocrx_word' id='word_1_327' title='bbox 954 2315 998 2344; x_wconf 76' lang='lat'>27</span> <span class='ocrx_word' id='word_1_328' title='bbox 1019 2311 1134 2356; x_wconf 89' lang='lat' dir='ltr'>omni]</span> <span class='ocrx_word' id='word_1_329' title='bbox 1157 2320 1263 2344; x_wconf 89' lang='lat' dir='ltr'>omne</span> <span class='ocrx_word' id='word_1_330' title='bbox 1277 2313 1302 2342; x_wconf 94' lang='lat' dir='ltr'>P</span> <span class='ocrx_word' id='word_1_331' title='bbox 1318 2320 1425 2353; x_wconf 66' lang='lat' dir='ltr'>mpr.</span> 
     </span>
     <span class='ocr_line' id='line_1_45' title="bbox 148 2361 652 2397; baseline -0.002 -2"><span class='ocrx_word' id='word_1_332' title='bbox 148 2363 330 2397; x_wconf 54' lang='lat' dir='ltr'>claritatis</span> <span class='ocrx_word' id='word_1_333' title='bbox 358 2366 390 2396; x_wconf 82' lang='lat'>1:</span> <span class='ocrx_word' id='word_1_334' title='bbox 419 2361 587 2396; x_wconf 83' lang='lat' dir='ltr'>caritatis</span> <span class='ocrx_word' id='word_1_335' title='bbox 614 2365 652 2394; x_wconf 83' lang='lat' dir='ltr'>A.</span> 
     </span>
    </p>
   </div>
   <div class='ocr_carea' id='block_1_11' title="bbox 1514 754 1552 777">
    <p class='ocr_par' dir='ltr' id='par_1_11' title="bbox 1514 754 1552 777">
     <span class='ocr_line' id='line_1_46' title="bbox 1514 754 1552 777; baseline -0.026 0"><span class='ocrx_word' id='word_1_336' title='bbox 1514 754 1552 777; x_wconf 82' lang='lat' dir='ltr'><strong><em>w</em></strong></span> 
     </span>
    </p>
   </div>
   <div class='ocr_carea' id='block_1_12' title="bbox 1516 1048 1553 1074">
    <p class='ocr_par' dir='ltr' id='par_1_12' title="bbox 1516 1048 1553 1074">
     <span class='ocr_line' id='line_1_47' title="bbox 1516 1048 1553 1074; baseline -0.027 0"><span class='ocrx_word' id='word_1_337' title='bbox 1516 1048 1553 1074; x_wconf 77' lang='lat'>15</span> 
     </span>
    </p>
   </div>
   <div class='ocr_carea' id='block_1_13' title="bbox 1518 1345 1556 1369">
    <p class='ocr_par' dir='ltr' id='par_1_13' title="bbox 1518 1345 1556 1369">
     <span class='ocr_line' id='line_1_48' title="bbox 1518 1345 1556 1369; baseline 0 0"><span class='ocrx_word' id='word_1_338' title='bbox 1518 1345 1556 1369; x_wconf 73' lang='lat'>20</span> 
     </span>
    </p>
   </div>
   <div class='ocr_carea' id='block_1_14' title="bbox 1518 1641 1555 1666">
    <p class='ocr_par' dir='ltr' id='par_1_14' title="bbox 1518 1641 1555 1666">
     <span class='ocr_line' id='line_1_49' title="bbox 1518 1641 1555 1666; baseline 0 0"><span class='ocrx_word' id='word_1_339' title='bbox 1518 1641 1555 1666; x_wconf 76' lang='lat'>25</span> 
     </span>
    </p>
   </div>
  </div>
 </body>
</html>
