1610 2522
372 128 704 163 HisTomARrM
731 127 1008 163 ALEXANDm
1037 128 1115 165 vn,
1142 133 1171 162 5.
1364 129 1450 168 ως)

97 240 191 281 bem
231 254 358 293 seque
398 239 608 280 dedentes.
677 237 754 280 Ille
788 238 995 291 Milesios,
1041 238 1113 292 qui
1155 237 1267 292 apud
1309 237 1448 291 ipsum

97 298 341 351 militarent,
374 299 596 340 convocari
631 298 756 339 iubet.
801 296 936 338 Vetus
971 297 1114 339 odium
1147 297 1302 338 Milesii
1335 312 1450 352 gere-

99 359 199 399 bant
226 359 269 399 in
302 358 638 400 Branchidarum
671 360 852 413 gentem.
903 357 1089 398 Proditis
1123 371 1237 412 ergo,
1271 358 1358 398 sive
1391 357 1448 397 in-

96 418 226 458 iuriae
277 418 364 459 sive
415 418 592 473 originis
634 417 878 458 meminisse
930 415 1122 469 mallent,
1174 416 1353 457 liberum
1399 417 1449 457 de

59 476 346 522 5Branchidis
396 478 608 531 permittit
658 476 889 518 arbitrium.
972 476 1248 517 Variantibus
1301 476 1449 517 deinde

95 537 315 578 sententiis
367 551 410 577 se
461 538 602 590 ipsum
653 536 1033 589 consideraturum,
1078 535 1179 589 quid
1238 535 1447 589 optimum

93 596 208 637 factu
242 599 363 649 esset,
396 596 595 637 ostendit.
659 595 836 637 Postero
871 595 936 636 die
964 595 1286 637 occurrentibus
1318 594 1450 636 Bran-

94 655 228 696 chidis
268 670 409 697 secum
442 655 667 710 procedere
706 655 836 708 iubet,
875 669 1055 708 cumque
1088 654 1140 695 ad
1171 654 1320 695 urbem
1353 670 1448 695 ven-

94 717 183 755 tum
223 718 352 763 esset,
404 715 495 769 ipse
541 730 635 756 cum
682 715 879 769 expedita
918 729 1044 755 manu
1084 717 1252 768 portam
1297 714 1448 755 intrat:

41 794 72 818 ιο
92 773 277 828 phalanx
318 775 485 816 moenia
527 774 671 828 oppidi
713 775 932 815 circumire
966 774 1080 815 iussa
1117 776 1159 814 et
1192 773 1290 814 dato
1325 774 1447 829 signo

93 833 273 888 diripere
306 834 464 886 urbem,
497 834 764 888 proditorum
797 833 1129 894 receptaculum,
1163 833 1363 887 ipsosque
1397 834 1448 874 ad

92 908 223 934 unum
268 893 449 935 caedere.
512 893 580 934 Illi
625 894 806 934 inermes
849 893 1007 947 passim
1047 893 1332 947 trucidantur,
1372 907 1449 934 nec

92 954 164 993 aut
198 954 451 994 commercio
490 953 661 1008 linguae
695 955 768 994 aut
800 952 1042 1007 supplicum
1075 952 1323 993 velamentis
1357 968 1448 1006 pre-

92 1011 296 1066 cibusque
329 1012 513 1053 inhiberi
554 1012 782 1054 crudelitas
815 1015 966 1066 potest.
1031 1011 1240 1065 Tandem,
1285 1015 1333 1053 ut
1366 1012 1447 1052 dei-

38 1091 70 1115 15
92 1074 255 1124 cerent,
296 1072 570 1113 fundamenta
609 1086 827 1113 murorum
874 1072 925 1112 ab
968 1072 1052 1113 imo
1095 1072 1346 1125 moliuntur,
1396 1086 1447 1112 ne

92 1131 205 1184 quod
239 1131 355 1172 urbis
388 1132 615 1187 vestigium
660 1134 832 1173 extaret.
897 1130 1083 1172 Nemora
1116 1145 1285 1185 quoque
1317 1135 1354 1172 et
1386 1132 1446 1172 lu-

92 1204 162 1231 cos
196 1205 336 1232 sacros
368 1205 456 1232 non
488 1191 668 1232 caedunt
701 1191 840 1244 modo,
873 1191 945 1231 sed
979 1190 1106 1231 etiam
1140 1192 1366 1244 extirpant,
1399 1194 1447 1232 ut

91 1252 210 1290 vasta
243 1250 428 1291 solitudo
451 1254 492 1291 et
519 1251 674 1292 sterilis
707 1250 861 1292 humus
889 1252 1050 1291 exustis
1079 1251 1207 1291 etiam
1234 1250 1447 1291 radicibus

91 1309 365 1363 linqueretur.
429 1309 544 1359 Quae
577 1310 611 1351 si
645 1312 690 1351 in
722 1311 837 1364 ipsos
863 1310 1120 1364 proditionis
1153 1312 1346 1350 auctores
1380 1324 1447 1350 ex-

37 1388 71 1412 ρο
92 1369 277 1424 cogitata
310 1372 462 1423 essent,
495 1370 607 1411 iusta
641 1369 745 1411 ultio
774 1384 876 1423 esse,
907 1384 992 1411 non
1027 1369 1254 1410 crudelitas
1287 1369 1446 1410 videre-

90 1431 177 1468 tur:
218 1442 331 1470 nunc
370 1428 536 1483 culpam
575 1429 782 1470 maiorum
824 1430 983 1482 posteri
1021 1428 1154 1482 luere,
1193 1428 1265 1482 qui
1306 1443 1357 1469 ne
1389 1429 1447 1470 vi-

91 1487 239 1528 derant
272 1489 440 1541 quidem
472 1488 685 1542 Miletum,
725 1488 827 1530 adeo
863 1491 903 1529 et
935 1488 1067 1530 Xerxi
1098 1502 1185 1529 non
1218 1490 1446 1542 potuerant

90 1547 276 1600 prodere.

21 1610 69 1645 24
179 1605 281 1647 Inde
313 1608 521 1660 processit
562 1606 613 1647 ad
646 1606 807 1648 Tanain
848 1622 1025 1648 amnem.
1090 1606 1181 1656 Quo
1216 1607 1445 1661 perductus

37 1685 70 1709 25
92 1669 153 1706 est
189 1665 342 1706 Bessus
380 1680 466 1706 non
507 1666 675 1707 vinctus
715 1666 857 1720 modo,
903 1667 972 1707 sed
1014 1666 1140 1707 etiam
1181 1667 1295 1707 omni
1339 1667 1445 1707 vela-

186 1775 204 1803 2
233 1770 369 1805 Milesii
401 1771 582 1816 gerebant
609 1771 898 1806 Freinshemius:
935 1771 1042 1806 miles
1069 1772 1250 1816 gerebant
1276 1775 1311 1814 P,
1338 1772 1444 1806 miles

89 1818 243 1862 gerebat
270 1823 302 1852 c.
450 1822 468 1852 3
508 1819 800 1853 Branchidarum
826 1820 1050 1854 Frobenius:
1083 1819 1372 1853 brachiadarum
1404 1823 1443 1853 A.

91 1871 111 1899 4
139 1865 308 1911 originis]
337 1866 497 1911 origenis
519 1870 554 1900 P.
654 1871 674 1901 5
702 1867 921 1901 Branchidis
944 1867 1166 1901 Frobem'ns:
1195 1867 1382 1901 brancidis
1404 1870 1442 1902 A.

92 1917 110 1945 (5
138 1913 244 1959 quid]
271 1913 369 1957 quod
398 1919 430 1947 C.
537 1918 554 1947 7
582 1914 701 1959 factu]
729 1914 869 1948 factum
896 1917 921 1947 B
941 1926 1060 1958 mpr.
1082 1918 1119 1948 F.
1223 1914 1442 1948 Branchidis

93 1961 324 2006 Mada-imus:
352 1961 574 1995 brachiadas
601 1965 629 1994 A
657 1962 896 2007 [barchiadas
923 1963 974 2007 L].
1091 1966 1109 1995 9
1137 1962 1232 2007 ipse]
1261 1962 1383 2006 ipsum
1411 1967 1442 1995 c.

93 2011 134 2041 10
161 2007 342 2054 phalanx]
368 2008 547 2052 phallanx
573 2013 613 2043 V.
718 2010 925 2055 circumire]
952 2009 1106 2043 circuire
1133 2013 1169 2042 F.
1280 2013 1321 2043 12
1349 2010 1444 2043 iner-

91 2056 183 2101 mes]
210 2055 394 2091 inhermes
420 2060 455 2090 P.
578 2067 645 2090 nec
673 2057 752 2102 aut]
780 2069 824 2091 ne
851 2057 953 2091 haud
978 2061 1003 2090 P
1027 2069 1067 2091 m.
1084 2069 1142 2102 pr.
1272 2061 1313 2091 13
1347 2068 1442 2092 com-

90 2103 242 2148 mercio]
279 2103 493 2138 commertio
525 2108 560 2138 P.
669 2105 750 2150 aut]
789 2104 888 2138 haud
921 2109 955 2138 P.
1073 2104 1283 2148 supplicum
1310 2105 1442 2139 Frobe-

93 2152 191 2184 nius:
219 2151 403 2195 supplicio
425 2162 506 2184 cum
523 2155 561 2186 A.
639 2156 680 2185 16
703 2151 863 2186 Nemora
886 2153 1097 2186 Acidalius:
1120 2163 1187 2186 nec
1208 2164 1311 2186 mora
1331 2156 1369 2185 A.

91 2202 127 2231 et
152 2197 255 2232 lucos
281 2202 314 2231 1:
342 2198 444 2232 lucos
465 2202 504 2232 A.
596 2203 636 2232 17
665 2199 745 2245 sed]
774 2201 829 2234 set
854 2204 889 2233 L.
986 2203 1027 2233 18
1055 2199 1208 2245 sterilis]
1236 2199 1379 2233 sterelis
1405 2203 1442 2241 P,

91 2245 246 2279 steri-ilis
267 2249 302 2280 L.
384 2246 521 2280 exustis
548 2248 692 2290 scripsi:
721 2247 883 2281 excussis
904 2251 942 2280 A.
1026 2251 1067 2280 19
1095 2247 1333 2292 proditionis]
1360 2258 1443 2291 pro-

91 2292 248 2326 dicionis
268 2296 293 2325 L
315 2305 357 2327 m.
373 2305 431 2337 pr.
453 2297 487 2327 P.
570 2297 614 2327 20
640 2294 750 2339 ultio]
778 2294 848 2328 ulti
873 2298 899 2327 P
921 2307 962 2328 m.
984 2306 1037 2337 pr.
1121 2298 1163 2328 22
1193 2295 1285 2329 adeo
1307 2295 1440 2329 Frobe—

90 2341 191 2373 nius:
219 2340 302 2373 ideo
323 2343 361 2374 A.
461 2340 588 2386 Xerxi]
616 2342 711 2375 serxi
737 2346 773 2375 P.
873 2345 915 2376 24
943 2342 1006 2387 ad]
1034 2344 1072 2375 at
1096 2345 1134 2375 V.
1234 2341 1378 2375 Tanain
1400 2346 1440 2374 P:

90 2387 231 2421 tanaim
259 2391 290 2421 C.
365 2388 582 2434 perductus]
609 2389 811 2432 productus
839 2394 871 2423 C.

171 2453 308 2478 Cunrms
329 2453 437 2478 Rurrs
459 2454 502 2478 ed.
523 2454 704 2479 Hedicke.
743 2455 798 2480 Ed.
820 2456 923 2479 maior.
1196 2452 1238 2481 15

1479 310 1521 339 30

1478 488 1517 517 31

1477 785 1519 815 32

1477 904 1518 933 33

1476 1143 1517 1172 34

1474 1619 1516 1649 315
