1610 2522
69 1004 113 1033 30

147 112 233 153 240
650 111 689 154 Q.
718 112 859 147 Cl'lt'l'l
890 112 999 147 RUFI

143 221 395 263 mortalibus
429 221 634 263 beneficia
664 222 803 274 debes,
836 237 921 262 non
949 236 1024 262 sua
1050 221 1229 275 eripere:
1263 221 1329 261 sin
1356 224 1495 262 autem

141 280 269 322 hoino
304 295 359 334 es,
393 281 431 321 id
468 281 580 335 quod
613 296 669 333 es,
703 296 867 335 semper
899 295 990 322 esse
1023 285 1064 322 te
1097 281 1250 334 cogita.
1308 280 1497 321 Stultum

141 343 206 382 est
251 355 395 381 eorum
442 341 703 389 meminisse,
748 343 922 395 propter
968 355 1073 394 quae
1119 341 1182 381 tui
1221 339 1496 381 obliviscaris.

142 399 306 448 Quibus
339 399 497 441 bellum
533 415 618 441 non
653 401 859 454 intuleris,
892 399 1015 441 bonis
1049 400 1198 440 amicis
1230 399 1390 454 poteris
1424 400 1497 440 uti.

141 458 250 500 Nam
282 462 324 500 et
350 459 595 501 firmissima
631 463 693 500 est
721 459 832 500 inter
857 474 977 514 pares
1004 459 1204 511 amicitia,
1235 462 1277 499 et
1304 459 1500 500 videntur
1538 475 1552 500 5

142 534 281 573 pares,
327 519 400 573 qui
446 533 530 559 non
575 519 766 560 fecerunt
812 519 922 560 inter
967 533 1009 559 se
1055 518 1286 572 periculum
1330 518 1496 559 virium.

142 580 256 627 Quos
289 578 451 632 viceris,
484 579 643 620 amicos
677 578 757 619 tibi
790 592 890 632 esse,
926 593 1035 631 cave,
1070 578 1223 619 credas.
1281 576 1398 619 Inter
1428 577 1497 618 do-

141 638 301 679 minum
349 641 392 679 et
436 653 603 679 servum
650 640 767 679 nulla
812 638 1000 680 amicitia
1033 641 1113 678 est:
1159 637 1284 678 etiam
1319 638 1362 678 in
1396 651 1497 692 pace

142 697 242 739 belli
282 701 424 739 tamen
462 698 553 738 iura
588 701 820 738 servantur.
883 697 1066 738 Iurando
1100 697 1281 751 gratiani
1317 696 1496 751 Scytnas

141 758 303 799 sancire
344 771 397 798 ne
439 757 683 798 credideris:
726 757 902 798 colendo
945 757 1070 797 fidem
1104 757 1256 797 iurant.
1321 755 1496 798 Graeco·
1519 773 1552 797 10

140 832 232 857 rum
267 818 349 858 ista
381 818 521 858 cautio
555 820 638 870 est,
681 818 754 871 qni
787 820 911 871 pacta
944 816 1199 871 consignant
1232 819 1272 857 et
1305 815 1404 858 deos
1437 817 1497 856 in-

140 879 310 918 vocant:
342 891 420 917 nos
452 877 702 932 religionem
737 877 779 917 in
813 877 905 930 ipsa
934 876 1016 916 fide
1043 876 1252 930 ponimus.
1305 874 1385 923 Qui
1411 889 1498 917 non

140 939 386 977 reverentur
416 936 624 989 homines,
657 937 813 977 fallunt
840 936 950 976 deos.
1002 934 1091 975 Nec
1119 935 1195 976 tibi
1225 935 1362 976 amico
1390 949 1496 989 opus

141 999 222 1049 est,
268 995 316 1036 de
362 996 482 1036 cuius
528 995 815 1037 benivolentia
861 995 1040 1035 dubites.
1105 994 1299 1036 Ceterum
1338 1009 1414 1035 nos
1457 998 1498 1035 et

140 1054 268 1096 Asiae
301 1058 343 1096 et
374 1055 573 1109 Europae
606 1055 804 1097 custodes
837 1054 1029 1095 habebis:
1064 1053 1233 1108 Bactra,
1279 1053 1360 1095 nisi
1394 1053 1496 1094 divi·
1518 1070 1550 1096 15

140 1115 212 1155 dat
243 1114 410 1168 Tanais,
444 1114 745 1171 contingimus,
778 1116 890 1155 ultra
915 1113 1079 1155 Tanain
1111 1116 1245 1154 terras
1278 1128 1413 1168 usque
1445 1113 1496 1154 ad

140 1173 365 1216 Thraciam
411 1175 608 1226 colimus,
653 1174 858 1215 Thraciae
890 1173 1180 1214 Macedoniam
1228 1173 1495 1214 coniunctam

140 1249 231 1275 esse
263 1235 377 1275 fama
403 1235 497 1275 fert.
562 1233 774 1275 Utrumne
801 1233 980 1287 imperio
1012 1235 1085 1273 tuo
1113 1233 1320 1274 finitimos
1353 1231 1497 1273 hostes

70 1293 116 1327 IX
141 1309 193 1334 an
228 1294 522 1335 amicos'velis
556 1308 658 1348 esse,
692 1293 941 1335 considera’.
986 1291 1103 1333 Haec
1130 1291 1346 1333 barbarus.
1393 1290 1498 1332 Con·
1519 1295 1568 1330 36

141 1357 206 1394 tra
238 1368 311 1395 rex
343 1353 515 1394 fortuna
549 1369 625 1394 sua
657 1356 699 1394 et
733 1352 921 1394 consiliis
955 1366 1100 1392 eorum
1134 1366 1177 1392 se
1203 1366 1379 1392 usurum
1408 1365 1497 1393 esse
1518 1369 1552 1393 20

141 1413 386 1466 respondet:
420 1428 515 1453 nam
551 1416 592 1453 et
618 1413 847 1467 fortunam,
880 1412 949 1454 cui
975 1412 1172 1465 confidat,
1205 1414 1246 1452 et
1273 1411 1497 1453 consilium

141 1472 423 1526 suadentium,
456 1488 508 1513 ne
541 1472 643 1526 quid
676 1475 835 1513 temere
868 1475 909 1512 et
936 1471 1135 1511 audacter
1161 1471 1301 1524 faciat,
1334 1473 1495 1512 secutu-

141 1547 246 1572 rum.
309 1531 595 1585 Dimissisque
639 1532 792 1588 legatis
837 1532 879 1572 in
925 1533 1196 1585 praeparatas
1235 1533 1346 1571 rates
1385 1544 1499 1571 exer-

140 1592 272 1632 citum
307 1591 508 1646 inposuit.
560 1590 609 1632 In
641 1592 779 1646 proris
813 1591 1018 1644 clipeatos
1050 1592 1264 1631 locaverat
1290 1589 1427 1630 iussos
1454 1589 1497 1630 in

139 1665 278 1706 genua
315 1651 544 1703 subsidere,
578 1666 661 1705 qno
695 1651 873 1691 tutiores
907 1653 1046 1690 essent
1072 1649 1270 1690 adversus
1299 1649 1406 1690 ictus
1434 1663 1496 1689 sa·
1516 1666 1549 1691 25

237 1761 254 1790 1
283 1756 479 1801 beneficia]
507 1756 683 1790 benefitia
710 1759 746 1789 P.
869 1758 994 1789 autem
1021 1766 1086 1788 om.
1108 1758 1146 1788 R.
1269 1758 1287 1787 2
1315 1753 1414 1797 quod
1441 1754 1494 1798 es]

140 1803 239 1847 quod
265 1807 305 1837 B.
387 1814 465 1837 esse
493 1804 545 1848 tel
573 1810 608 1837 te
637 1814 715 1837 esse
742 1807 777 1837 F.
862 1802 1040 1847 Stultum]
1068 1802 1204 1835 stultus
1230 1805 1270 1834 B.
1356 1805 1375 1834 3
1403 1800 1495 1835 obli-

140 1851 295 1885 viscaris
321 1855 354 1885 1:
383 1851 615 1885 oblinis-ceris
643 1854 718 1884 AR.
837 1855 856 1884 4
884 1862 956 1883 non
983 1862 1048 1884 om.
1071 1853 1110 1883 R.
1230 1853 1247 1882 7
1277 1849 1378 1894 cave]
1406 1860 1494 1882 caue

142 1911 186 1933 ne
206 1903 245 1933 R.
322 1899 465 1944 credas]
488 1899 613 1932 credes
635 1902 672 1931 V.
760 1902 778 1931 9
806 1898 887 1931 iura
907 1901 932 1931 Β
953 1910 1042 1932 corr.
1065 1901 1093 1929 V
1114 1908 1220 1931 com:
1248 1897 1327 1930 iure
1347 1899 1422 1929 AB..

142 1947 315 1991 Scythas]
343 1946 482 1980 seithas
502 1950 539 1987 F,
568 1948 690 1990 sep-tas
711 1949 750 1979 R.
823 1951 861 1979 11
891 1947 1001 1989 pacta
1022 1946 1269 1990 Boiayal·sz'e(>·:
1298 1945 1397 1978 sacta
1417 1947 1493 1976 AB.

144 1999 184 2028 12
207 1994 379 2039 ponimus
396 1995 563 2029 Fossius:
595 1994 766 2028 nouimus
787 1996 863 2026 AB.
942 1996 982 2026 13
1006 1993 1233 2037 reverentur!
1254 2002 1494 2025 reueuffen-

140 2044 202 2076 tur
233 2046 269 2076 P,
371 2046 412 2075 15
440 2042 593 2076 habebis
622 2045 661 2075 P:
696 2041 810 2074 habes
833 2044 864 2074 C.
974 2044 1013 2073 16
1040 2041 1156 2073 terras
1183 2040 1327 2083 scripsi:
1356 2041 1393 2072 et
1418 2042 1493 2073 AB.

147 2094 183 2123 17
207 2089 403 2123 Thraciam
423 2093 448 2122 B
472 2102 513 2123 m.
535 2101 615 2124 sea:
638 2088 793 2122 traciam
814 2091 890 2121 AR.
966 2087 1120 2120 colimus
1146 2087 1363 2121 I·'1·0beni'ns:
1392 2085 1494 2119 colli-

142 2137 209 2171 bus
231 2140 305 2170 AR.
388 2137 568 2171 Thraciae
595 2141 627 2170 1:
656 2137 792 2170 traciae
817 2138 966 2170 BLBV.
994 2135 1127 2168 tratiae
1149 2138 1186 2175 F,
1213 2134 1366 2168 traiciae
1387 2137 1422 2167 P.

143 2184 415 2229 Macedoniam}
444 2184 696 2218 mecedoniam
717 2187 756 2217 R.
838 2188 878 2217 18
908 2182 1085 2216 Utrumne
1112 2183 1257 2226 scripsi:
1286 2182 1432 2225 utrique
1455 2184 1492 2214 A.

144 2236 184 2266 19
207 2231 415 2277 considera]
436 2234 498 2266 lam:
514 2233 620 2266 uerbo
635 2232 704 2265 des.
719 2235 759 2264 R.
836 2236 876 2263 21
902 2229 1115 2274 respondet}
1131 2229 1324 2273 respondit
1338 2233 1366 2261 V
1381 2240 1424 2262 m.
1435 2240 1492 2272 pr.

142 2284 184 2313 ‘33
207 2279 467 2324 Dimissisque}
489 2280 706 2322 dimisis-que
728 2283 811 2312 Lm.
828 2291 880 2323 pr.
898 2281 959 2310 Pv
1047 2277 1098 2322 in]
1118 2277 1168 2310 im
1188 2281 1224 2310 P.
1301 2280 1343 2309 ‘24
1366 2275 1423 2321 In]
1443 2275 1493 2309 im

141 2331 178 2360 V.
249 2327 427 2370 clipeatos
448 2331 480 2360 1:
508 2327 699 2370 clypeatos
721 2330 749 2359 A
771 2325 1003 2370 {clyppeatos
1024 2325 1080 2370 Vl.
1156 2328 1198 2357 25
1227 2324 1364 2369 genua]
1385 2323 1494 2357 ienna

141 2379 176 2408 L.
241 2375 586 2420 t11ti01-esjtuciores
609 2378 642 2407 L.
707 2373 898 2418 adversus]
921 2384 1071 2406 auersus
1086 2376 1120 2405 P.
1185 2372 1295 2417 ictus}
1317 2371 1439 2404 hictus
1454 2373 1492 2403 V.
