1610 2522
63 324 82 354 9

41 561 82 593 10

42 742 78 770 11

41 1276 82 1306 13

42 1455 83 1485 14

43 1810 84 1841 16

114 81 195 122 122
616 82 656 124 Q.
685 81 828 117 CURTI
857 82 968 117 RUFI

110 190 390 233 obumbratus
434 191 571 232 amnis
619 205 763 244 presso
815 192 857 231 in
903 191 1041 232 solum
1083 192 1202 233 alveo
1245 190 1467 244 delabitur,

111 250 405 304 inminentque
439 250 582 303 colles,
615 250 695 304 ipsi
718 264 888 303 quoque
912 250 1138 292 frondibus
1159 251 1272 304 laeti,
1304 249 1465 292 radices

111 324 256 351 eorum
296 309 475 351 humore
514 310 734 350 subeunte.
809 309 945 365 Regio
986 325 1068 351 non
1107 310 1189 351 alia
1234 312 1324 351 tota
1364 309 1466 351 Asia

111 369 324 410 salubrior
359 368 556 410 habetur:
608 372 817 422 temperat
867 373 1028 410 caelum
1070 369 1170 411 hinc
1211 372 1464 424 perpetuum

113 429 258 483 iugum
291 442 471 482 opacum
505 432 548 469 et
579 428 841 481 umbrosum,
875 429 987 483 quod
1016 432 1158 470 aestus
1191 429 1315 482 levat,
1348 429 1467 470 illinc
1505 446 1521 470 5

110 502 224 529 mare
257 488 520 541 adiunctum,
552 488 667 542 quod
694 488 860 529 modico
887 492 1033 543 tepore
1061 492 1194 530 terras
1214 489 1342 530 fovet.
1388 488 1466 530 His
1491 491 1537 527 14

111 548 304 602 captivus
350 548 556 602 expositis
601 548 888 601 interrogatus
939 563 963 589 a
1006 563 1125 604 rege,
1169 548 1371 589 auditune
1414 562 1468 589 an

111 607 245 648 oculis
266 609 468 661 conperta
490 606 676 660 haberet,
709 621 817 661 quae
838 607 1008 661 diceret,
1029 611 1242 662 pastorem
1265 623 1308 648 se
1335 606 1467 649 fuisse

110 670 152 708 et
185 679 331 707 omnes
365 680 433 707 eas
461 666 589 707 calles
616 667 874 720 percurrisse
900 667 1138 722 respondit:
1184 667 1250 708 bis
1283 669 1468 721 captum,

112 725 241 767 semel
274 741 297 766 a
330 725 472 767 Persis
505 725 548 766 in
574 725 721 780 Lycia,
761 727 915 768 iterum
954 726 1006 768 ab
1048 727 1153 781 ipso.
1224 726 1349 768 Subit
1381 727 1468 768 ani·
1491 744 1523 768 ιο

110 800 226 826 11111111
260 785 373 840 regis
406 787 611 827 memoria
638 785 809 827 oraculo
842 786 978 827 editae
1006 786 1154 828 sortis:
1188 786 1345 841 quippe
1372 800 1468 828 con-

109 846 267 887 sulenti
314 859 563 899 responsum
609 849 718 898 erat,
763 846 910 887 ducem
958 847 999 887 in
1039 845 1255 887 Persidem
1295 846 1470 888 ferentis

63 927 70 933 -
111 905 201 945 viae
234 904 411 958 Lycium
453 904 587 946 civem
619 905 721 946 fore.
784 904 925 961 Igitur
956 906 1197 960 promissis,
1236 909 1394 960 quanta
1428 909 1469 946 et

110 978 308 1019 praesens
341 965 571 1005 necessitas
599 964 797 1019 exigebat
829 968 871 1005 et
903 965 1038 1019 ipsius
1065 966 1237 1006 fortuna
1264 965 1469 1020 capiebat,

111 1026 333 1065 oneratum
361 1024 515 1064 armari
544 1024 662 1065 iubet
687 1024 970 1066 Macedonum
999 1039 1114 1065 more
1142 1028 1195 1078 et,
1223 1025 1336 1079 quod
1363 1024 1468 1066 bene
1492 1041 1523 1067 15

110 1085 310 1137 verteret,
343 1087 580 1124 monstrare
614 1084 696 1124 iter
728 1085 922 1137 quamvis
955 1084 1135 1125 arduum
1169 1087 1210 1125 et
1243 1098 1469 1139 praeceps:

111 1157 334 1184 evasurum
371 1157 414 1183 se
448 1157 538 1184 esse
572 1157 667 1184 cum
700 1143 864 1197 paucis,
897 1143 979 1185 nisi
1012 1144 1122 1185 forte
1155 1144 1354 1196 crederet,
1387 1158 1470 1198 qua

112 1203 201 1257 ipse
234 1202 398 1256 pecoris
427 1217 551 1243 causa
578 1202 691 1256 isset,
718 1202 1010 1245 Alexandrum
1037 1218 1113 1257 pro
1141 1203 1279 1259 gloria
1305 1207 1346 1244 et
1378 1218 1469 1258 per-

110 1265 239 1316 petua
272 1262 394 1303 laude
427 1262 487 1303 ire
518 1277 605 1303 non
638 1277 772 1317 posse.
823 1261 966 1304 Etiam
1000 1266 1128 1316 atque
1159 1263 1287 1304 etiam
1321 1263 1470 1304 docere

111 1324 324 1376 captivus,
379 1336 505 1375 quam
552 1321 726 1363 difficile
773 1323 853 1363 iter
885 1327 1016 1376 esset,
1058 1323 1242 1364 maxime
1283 1323 1469 1363 armatis.
1491 1339 1524 1363 20

110 1381 220 1422 Tum
240 1396 333 1422 rex:
355 1380 605 1435 ‘Praedem’,
631 1381 784 1435 inquit,
812 1383 893 1423 ‘me
914 1383 1057 1436 accipe
1077 1383 1288 1424 neminem
1310 1396 1469 1426 eorum.

112 1441 181 1494 qui
200 1444 414 1494 secuntur,
432 1444 725 1482 recusaturum
756 1441 828 1494 ire,
850 1456 931 1496 qua
947 1441 1102 1483 duces'.
1147 1440 1321 1483 Cratero
1337 1441 1470 1497 igitur

111 1500 163 1541 ad
202 1500 440 1541 custodiam
490 1503 727 1542 castrorum
767 1501 915 1542 relicto
954 1516 1050 1542 cum
1089 1501 1323 1555 peditibus,
1374 1501 1469 1555 quis

111 1560 375 1613 adsueverat,
409 1563 450 1600 et
483 1560 535 1600 iis
569 1561 716 1614 copiis,
749 1575 854 1614 quas
875 1560 1088 1617 Meleager
1115 1561 1307 1614 ducebat,
1333 1564 1375 1601 et
1407 1574 1469 1601 sa-

111 1620 296 1674 gittariis
341 1619 558 1673 equitibus
601 1632 631 1660 M
679 1620 902 1674 praecipit,
946 1623 994 1661 ut
1044 1623 1278 1663 castrorum
1331 1619 1469 1674 specie
1490 1635 1522 1661 25

112 1684 309 1720 manente
348 1679 492 1732 plures
531 1679 581 1720 de
623 1679 834 1720 industria
872 1680 991 1735 ignes
1032 1680 1124 1721 fieri
1157 1680 1350 1734 imperet,
1384 1694 1468 1733 quo

110 1739 249 1793 magis
294 1737 463 1779 barbari
505 1738 678 1779 credant
725 1739 867 1793 ipsum
909 1754 1052 1795 regem
1092 1740 1136 1780 in
1178 1739 1329 1781 castris
1367 1753 1468 1781 esse.

113 1800 324 1851 veterum,
358 1798 393 1838 si
426 1797 537 1838 forte
559 1797 869 1839 Ariobarzanes
899 1799 1171 1854 cognovisset
1190 1814 1265 1853 per
1298 1798 1466 1840 callium

111 1858 328 1898 anfractus
360 1857 519 1898 intrare
551 1871 592 1899 se
623 1862 665 1899 et
697 1858 747 1898 ad
781 1858 1074 1912 occupandum
1109 1858 1189 1899 iter
1221 1873 1344 1899 suum
1377 1873 1469 1911 par·

112 1920 197 1957 tem
219 1916 437 1971 copiarum
468 1919 720 1971 temptasset
740 1932 967 1972 opponere,
994 1916 1194 1959 Craterus
1215 1932 1311 1958 eum
1332 1917 1467 1959 inlato
1488 1933 1522 1958 30

209 2014 225 2042 1
255 2008 359 2043 alveo
395 2009 627 2044 Vindelinus:
655 2021 762 2044 amne
790 2013 828 2044 A.
928 2010 1115 2044 delabitur
1143 2010 1346 2044 Bentleius:
1375 2009 1468 2043 dila-

112 2069 213 2102 bitur
233 2071 271 2102 A.
348 2072 367 2101 6
395 2070 538 2114 tepore]
565 2072 730 2113 tempore
750 2073 787 2112 P,
814 2072 964 2113 tmpore
985 2073 1022 2112 L,
1048 2067 1198 2113 t'ss'poro
1226 2072 1264 2104 V.
1340 2075 1359 2102 υ
1388 2080 1468 2113 per-

113 2117 284 2161 currisse]
312 2127 543 2159 pereni-resse
570 2120 595 2149 P
618 2129 659 2151 m.
676 2129 734 2160 pr.
836 2119 878 2150 10
905 2116 1034 2162 Lycia]
1060 2116 1147 2150 licia
1168 2121 1199 2150 C.
1301 2121 1340 2150 11
1369 2118 1468 2162 regis

115 2163 290 2197 memoria
317 2166 349 2195 1:
386 2164 561 2198 memoria
603 2164 698 2209 regis
727 2167 766 2197 A.
914 2165 1121 2198 consulenti
1154 2168 1186 2198 1.-
1224 2164 1401 2198 rosulenti
1428 2169 1466 2198 A.

117 2217 156 2244 13
187 2210 355 2255 Lycium]
385 2210 511 2245 licium
533 2216 564 2245 C.
644 2216 685 2245 15
712 2213 905 2245 oneratum
928 2213 1156 2246 I'e'mlelinus:
1186 2211 1407 2246 honoratum
1428 2216 1467 2246 Δ,

117 2263 157 2292 16
185 2260 389 2292 monstrare
418 2259 706 2294 1‹'rez·nshen11'us:
735 2262 956 2293 monstraret
982 2263 1021 2293 Δ.
1132 2263 1171 2293 17
1200 2259 1289 2305 qua]
1317 2260 1404 2303 quia
1431 2263 1467 2294 F.

115 2312 155 2340 21
181 2306 313 2349 inquit]
338 2305 469 2350 inquid
484 2310 549 2341 LV.
626 2310 668 2340 *22
691 2308 876 2351 secuntur]
896 2310 1102 2351 sequuntur
1121 2310 1156 2340 B.
1233 2311 1276 2340 25
1304 2320 1327 2340 τ.
1363 2318 1466 2351 prae—

115 2354 205 2398 cipit
233 2358 274 2387 P:
305 2367 346 2387 cx
374 2355 565 2398 praecepit
592 2358 623 2387 C.
724 2358 766 2388 ‘29
794 2354 931 2388 intrare
957 2366 999 2390 se
1017 2356 1163 2399 scripsi:
1192 2355 1329 2389 intrare
1357 2358 1394 2388 A.
