1610 2522
386 81 723 116 HISTORIARUM
749 80 1033 114 ALEXANDRI
1061 81 1102 123 X,
1131 86 1162 115 4.
1369 82 1454 123 365

94 192 270 234 multum
315 194 538 245 moverant,
583 194 619 231 ct
660 190 758 232 haec
800 190 964 243 quidem
1001 194 1226 243 paternum
1273 203 1454 243 renqnum,

101 251 316 305 Olympias
342 251 524 304 Epirum
550 253 822 302 occupaverat.
868 249 1003 303 Forte,
1036 250 1135 291 dum
1162 250 1365 290 eiusmodi
1391 249 1456 290 lit*

96 315 204 352 terae
240 311 488 360 redduntur,
532 309 828 362 Hephaestion,
873 310 945 361 qui
982 309 1168 350 omnium
1207 323 1455 351 arcanorum

89 371 301 423 particeps
332 370 561 419 haberetur,
599 370 831 422 resiqnatas
876 368 927 409 ab
959 368 1203 409 Alexandro
1235 368 1362 410 simul
1395 369 1457 409 in-

95 430 300 483 spiciebat.
359 429 498 482 Neque
528 429 700 470 retinuit
731 442 821 469 eum
852 441 935 477 rex,
967 428 1039 469 sed
1070 429 1294 469 detractum
1327 427 1457 480 diqito

96 489 269 530 anulum
301 490 364 530 ori
389 489 554 541 leyentis
581 488 773 539 admovit,
800 487 907 528 nihil
926 501 1075 537 eorum,
1101 501 1205 539 quae
1222 488 1457 539 perscripta

95 552 234 597 essent,
267 551 310 590 in
345 549 450 589 alios
479 548 731 600 efferendum
762 548 1015 600 siqnisicaus.
1071 547 1289 588 Incusasse
1321 550 1457 588 autem

95 608 235 649 ambos
275 609 408 660 fertur
447 611 484 648 et
514 607 661 648 matris
702 607 918 648 insolentia
946 610 1160 658 permotus
1197 606 1456 657 exclamasse,

96 682 187 708 eam
215 681 291 720 pro
323 667 573 708 habitatione
605 668 734 707 decem
766 666 980 718 meusium,
1013 680 1138 718 quam
1169 666 1216 706 in
1241 669 1352 707 utero
1378 665 1459 707 sibi

88 727 363 780 praebuisset,
401 740 568 779 qraoem
605 727 824 767 mercedem
856 726 1029 779 escuyer-e,
1062 725 1335 778 Antipatrum
1366 738 1457 766 vero

95 790 324 839 suspectum
364 786 552 827 habuisse
588 789 715 838 parta
756 799 804 826 ex
844 784 1070 837 Spartanis
1110 785 1281 826 victoria
1325 784 1459 826 tollere

96 846 260 887 animos
291 849 325 887 et
358 845 527 898 imperio
559 848 615 886 tot
645 846 732 886 iam
765 857 898 885 annos
927 848 1147 896 prorotqato
1179 857 1309 897 supra
1333 858 1457 897 prae-

94 906 191 958 fecti
228 905 394 946 modum
432 918 513 946 esse
544 904 707 946 elatum.
765 903 910 956 Itaque
941 917 1032 944 cum
1064 905 1152 945 eius
1179 905 1368 956 qravuas
1399 907 1458 945 at-

95 978 172 1017 que
205 965 418 1017 inteqritas
448 978 475 1005 a
506 964 753 1017 quibusda-m
781 963 1112 1016 praedicaretur,
1150 963 1361 1015 respondit
1392 977 1459 1004 ex-

96 1025 223 1065 terius
248 1024 412 1076 quidem
439 1023 574 1065 album
607 1024 746 1074 videri,
771 1024 842 1065 sed
867 1024 905 1065 si
925 1024 1092 1075 penitus
1120 1024 1458 1075 introspiceretur,

95 1087 223 1125 totum
255 1097 336 1124 esse
359 1097 628 1136 purpureum.
681 1082 842 1124 Pressit
872 1086 1009 1124 tamen
1039 1083 1312 1134 suspicionem
1337 1095 1458 1123 suam

96 1157 223 1195 neque
253 1143 385 1184 ⁴ullum
419 1144 682 1195 manifestius
713 1143 942 1184 abalienati
974 1143 1111 1183 animi
1139 1142 1340 1183 indicium
1359 1155 1460 1194 pro-

96 1202 200 1243 tulit.
264 1201 484 1243 Credidere
521 1206 656 1243 tamen
695 1202 882 1254 plerique
917 1201 1191 1254 Antipatrum
1230 1202 1382 1243 arcessi
1419 1215 1460 1242 se

95 1261 291 1314 supplicii
328 1275 455 1303 causa
486 1266 624 1303 ratum
659 1262 787 1314 inpiis
824 1261 998 1302 insidiis
1030 1262 1174 1302 mortis
1206 1261 1323 1313 reqis,
1357 1275 1460 1313 quae

91 1321 221 1374 paulo
249 1325 341 1373 post
371 1324 504 1362 secuta
538 1325 605 1370 est,
639 1325 841 1362 auctorem
874 1322 1063 1362 extitisse.

188 1380 353 1421 Interea
377 1395 460 1431 rex,
490 1384 535 1421 ut
562 1381 761 1421 inminuti
785 1381 983 1421 exercitus
1008 1380 1253 1421 detrimenta
1278 1380 1460 1429 sarciret,

98 1440 298 1491 optimum
330 1453 524 1492 quemque
546 1439 769 1481 Persarum
806 1441 851 1480 in
877 1439 1163 1480 Macedonicos
1194 1439 1359 1480 ordines
1385 1439 1460 1479 ad-

97 1498 213 1551 leyit:
246 1499 358 1540 mille
389 1500 513 1540 etiam
537 1500 922 1552 praestantissimos
945 1500 1173 1552 seqreqavit
1197 1499 1255 1539 ad
1279 1499 1461 1551 corporis

66 1558 348 1600 .euslodiam.·
392 1558 524 1600 aliam
567 1559 822 1600 hastatorum
864 1572 1052 1609 manum,
1097 1558 1212 1598 haud
1242 1559 1460 1611 pauciores

97 1618 229 1658 decem
268 1617 452 1669 milibus,
494 1618 553 1659 ad
589 1619 742 1671 reqium
778 1617 1086 1659 tabernaculum
1119 1617 1311 1659 excubias
1342 1631 1461 1670 aqere

99 1677 229 1718 iussit.
305 1677 421 1718 Haec
467 1679 604 1730 aqenti
650 1677 859 1719 Peucestes
906 1677 1138 1730 supervenit
1181 1690 1272 1724 cum
1310 1678 1461 1730 sviqinti

99 1735 267 1778 milibus
303 1738 615 1789 samum-iorum
651 1737 1005 1789 funditorumque,
1049 1749 1148 1788 quos
1178 1749 1226 1777 ex
1258 1749 1335 1777 sua
1365 1750 1459 1788 pro-

96 1795 235 1836 vincia
275 1799 463 1847 eoeyerat.
525 1797 610 1837 His
634 1810 711 1849 per
743 1797 961 1838 ea’ercitum
993 1797 1226 1838 distributis
1248 1796 1458 1848 profectus

97 1858 156 1896 est
185 1854 306 1896 Susis
337 1859 374 1896 et
407 1855 613 1907 Pasitiqri
651 1869 773 1897 amne
808 1857 974 1897 traiecto
1007 1856 1121 1907 apud
1154 1854 1289 1897 Caras
1321 1859 1459 1896 castra

98 1917 273 1955 metatus
304 1918 370 1955 est.
441 1915 548 1956 Inde
587 1916 822 1968 quadriduo
846 1929 925 1967 per
963 1914 1195 1956 Sittacenen
1235 1915 1367 1956 ductis
1400 1927 1461 1955 co-

91 1974 181 2026 piis
212 1972 429 2014 Sambana
463 1976 660 2027 processit
697 1975 829 2027 ibique
858 1988 937 2026 per
973 1978 1122 2027 septem
1154 1974 1240 2015 dies
1271 1974 1459 2015 substitit.

104 2032 254 2073 Tridui
280 2033 426 2074 deinde
457 2035 603 2075 itinere
628 2047 784 2075 emenso
807 2033 980 2075 Celonas
997 2037 1239 2086 perventum
1265 2037 1331 2074 est.
1382 2031 1462 2084 Op-

91 2092 243 2143 pidum
270 2092 340 2133 lioe
365 2096 499 2134 tenent
517 2093 688 2134 Boeotia
706 2094 892 2146 profecti,
919 2106 1018 2145 quos
1042 2092 1201 2133 Xerxes
1226 2106 1274 2132 ex
1298 2091 1462 2133 sedibus

98 2151 187 2192 suis
225 2153 372 2193 excitos
414 2153 458 2193 in
495 2152 699 2194 Orientem
736 2152 971 2194 transtulit:
1012 2151 1308 2203 servabantque
1339 2165 1461 2204 arqu-

101 2214 280 2251 mentum
320 2213 497 2264 oriqinis
526 2212 780 2264 peculiarem
817 2225 1043 2253 sermonem
1080 2225 1128 2252 esc
1171 2210 1343 2251 Graecis
1379 2210 1462 2262 ple-

99 2282 270 2321 rumque
309 2271 470 2312 vocibus
510 2275 774 2322 constantem,
813 2275 984 2311 ceterum
1020 2274 1190 2322 propter
1232 2270 1463 2311 commercii

101 2329 374 2370 necessitatem
417 2331 688 2383 finitimorum
733 2330 1000 2371 barbarorum
1045 2329 1191 2382 linqua
1235 2329 1460 2369 utebantur.
