1610 2522
51 456 66 480 5

320 91 651 125 Hls'roRIARUM
680 91 961 125 ALEXANDRI
989 91 1066 135 1111,
1094 96 1125 125 9.
1152 95 1202 125 10.
1388 92 1442 132 75

89 200 294 243 hostium:
335 200 531 241 audaciae
572 214 752 254 quoque,
793 215 876 254 qua
920 200 1101 241 maxime
1142 200 1292 256 viguit,
1333 202 1441 241 ratio

88 261 222 302 minui
257 263 417 315 potest,
456 260 556 313 quia
595 275 827 314 numquam
868 261 910 301 in
950 260 1177 301 discrimen
1216 261 1349 314 venit7
1388 276 1440 301 an

88 323 244 362 temere
270 320 450 361 fecisset.
514 319 723 372 Mazaeus,
755 320 840 373 qui,
873 321 908 361 si
936 320 1255 361 transeuntibus
1282 320 1438 360 fiumen

90 380 414 434 supervenisset,
441 378 554 420 haud
576 379 702 420 dubie
725 394 1005 433 oppressurus
1033 378 1115 420 fuit
1135 379 1441 434 ineonpositos,

91 441 134 481 in
173 439 264 493 ripa
296 438 461 480 demum
504 439 555 479 ad
598 439 681 480 iam
714 442 978 493 perarmatos
1012 439 1256 493 adequitare
1290 440 1441 493 eoepit.

89 498 208 541 ,Mille
241 498 468 540 admodum
496 501 658 552 equites
686 500 980 552 praemiserat:
1014 513 1195 552 quorum
1228 500 1442 553 paucitate
1470 512 1478 524 ⁶

89 558 330 599 Alexander
381 559 619 613 explorata,
677 558 826 599 deinde
883 560 1130 612 contempta
1180 558 1441 613 praefectum

89 617 305 659 Paeonum
357 618 549 671 equitum
607 617 810 658 Aristona
860 618 1012 659 laxatis
1069 618 1246 659 habenis
1298 618 1442 658 invehi

89 678 224 719 iussit.
287 676 474 732 Insignis
517 692 564 718 eo
610 677 676 718 die
716 692 859 732 pugna
899 678 1091 731 equitum
1135 680 1176 718 et
1217 678 1442 732 praecipue

36 753 69 778 10
90 736 307 778 Aristonis
346 737 445 778 fuit:
485 738 746 791 praefectum
786 737 1002 790 equitatus
1037 737 1259 778 Persarum
1302 736 1441 778 Satro-

18 1037 68 1071 39

35 1349 67 1373 20

89 799 216 851 paten
249 796 408 837 directa
448 797 491 837 in
529 800 678 852 guttur
715 796 838 837 hasta
875 797 1089 838 transfixit
1120 798 1442 852 fugientemque

90 872 164 910 per
197 856 358 897 medios
392 856 535 897 hostes
564 859 816 897 consecutus
850 871 899 896 ex
933 871 1041 910 equo
1069 857 1370 911 praecipitavit
1403 859 1443 897 et

90 915 328 957 obluctanti
348 915 490 971 gladio
519 918 647 970 eaput
674 916 867 970 dempsit.
932 915 1053 965 Quod
1079 917 1261 957 relatum
1288 931 1444 972 magna

90 991 184 1016 eum
218 975 341 1016 laude
374 978 471 1016 ante
504 975 616 1030 regis
650 975 776 1029 pedes
810 976 964 1030 posuit.

1469 214 1511 243 ‘23

1470 689 1513 719 25

179 1034 316 1076 Biduo
351 1034 408 1075 ibi
443 1036 597 1075 stativa
629 1050 701 1075 rex
734 1034 905 1076 habuit:
938 1036 983 1076 in
1014 1036 1255 1089 proximum
1291 1035 1441 1076 deiude
1463 1040 1491 1073 X

38 1110 69 1134 ιε
90 1094 357 1149 pronuntiari
404 1095 478 1135 iter
520 1095 652 1135 iussit.
720 1094 802 1135 Sed
843 1096 983 1149 prima
1026 1095 1110 1135 fere
1152 1095 1301 1151 vigilia
1342 1095 1444 1136 luna

89 1154 289 1195 deficiens
322 1153 509 1209 primum
547 1154 731 1195 nitorem
772 1155 920 1195 sideris
955 1155 1018 1195 5111
1053 1155 1254 1209 (30οἀ11111,
1294 1155 1443 1196 deinde

89 1213 309 1269 sanguinis
353 1214 493 1255 oolore
536 1214 696 1255 suffuso
730 1214 876 1255 lumen
918 1229 1042 1256 omne
1080 1215 1286 1268 foedavit,
1329 1214 1443 1256 solli-

88 1273 270 1327 citisque
321 1273 398 1314 sub
452 1273 591 1328 ipsum
642 1275 751 1315 tanti
797 1274 1052 1315 discriminis
1102 1290 1245 1316 casum
1293 1275 1443 1330 ingens

88 1333 238 1388 religio
273 1336 314 1374 et
340 1348 391 1373 ex
418 1347 465 1374 ea
491 1333 676 1374 formido
705 1334 910 1387 quaedam
942 1334 1109 1375 incussa
1135 1336 1208 1375 est.
1272 1334 1348 1375 Dis
1384 1335 1442 1374 in-

87 1393 186 1433 vitis
228 1393 269 1433 111
302 1392 476 1433 ultimas
509 1395 642 1433 terras
674 1393 786 1433 trahi
830 1408 872 1434 se
907 1393 1210 1447 querebantur:
1250 1394 1331 1434 iani
1366 1408 1444 1435 neo

87 1452 263 1493 flumina
300 1466 426 1505 posse
465 1452 568 1493 adiri
609 1467 687 1493 neo
726 1452 864 1493 sidera
895 1453 1125 1506 pristinum
1159 1468 1325 1494 servare
1363 1454 1439 1494 ful-

88 1526 245 1567 gorem,
272 1514 412 1552 vastas
439 1514 584 1565 terras,
611 1512 775 1552 deserta
803 1513 945 1553 omnia
974 1527 1212 1554 occurrere:
1246 1513 1290 1553 in
1317 1513 1442 1554 unius

86 1571 273 1612 hominis
319 1571 592 1612 iactationem
638 1574 704 1612 tot
746 1571 913 1612 milium
960 1573 1207 1627 sanguinem
1258 1573 1444 1627 inpendi,

183 1739 201 1768 2
224 1735 436 1781 discrimen]
456 1735 667 1770 discrimine
683 1741 709 1769 F
726 1749 767 1771 m
778 1749 836 1781 pr.
901 1741 919 1770 3
938 1737 1110 1771 Mazaeus
1132 1738 1267 1772 Aldus:
1296 1750 1443 1772 mazeus

87 1787 125 1817 A.
201 1783 282 1827 qui,
310 1783 355 1828 si]
379 1783 443 1827 qui
463 1787 489 1816 F
508 1796 552 1818 m.
570 1796 627 1828 pr
621 1812 641 1827 ‚
669 1795 740 1827 que
760 1788 785 1817 P
807 1789 1019 1828 m.[1r.4
1049 1785 1336 1831 supervenisset]
1362 1797 1445 1829 per-

88 1831 249 1865 venisset
275 1835 310 1864 L
407 1834 426 1864 ὃ
454 1831 501 1864 ad
527 1831 601 1865 iam
627 1833 772 1876 sceipsi:
800 1833 913 1866 etiam
939 1836 978 1865 A.
1065 1834 1311 1879 perarmatos]
1338 1844 1444 1877 pera-

87 1880 206 1912 matos
227 1882 262 1912 P
362 1882 380 1911 6
409 1878 513 1913 Mille
533 1883 565 1912 Ι.
596 1892 627 1912 00
653 1882 713 1912 BF
734 1890 836 1920 corr
864 1891 907 1914 oo
929 1883 968 1922 V,
997 1880 1044 1914 (o
1066 1884 1102 1917 L
1129 1892 1239 1924 quem
1265 1884 1291 1913 F
1314 1893 1355 1915 m.
1373 1893 1443 1925 pr„

88 1938 153 1960 om.
175 1930 210 1959 P.
334 1926 592 1972 praemiserat]
626 1908 846 1970 permiserat
871 1931 896 1960 L
925 1940 966 1961 m.
982 1940 1041 1972 pr.
1167 1932 1183 1961 7
1213 1909 1443 1980 contempta]

89 1974 275 2007 contemta
302 1977 337 2006 P.
437 1977 456 2004 S
483 1973 670 2008 Paeonum
696 1975 835 2009 Aldus:
863 1986 1066 2019 poenorum
1092 1979 1199 2018 BLV,
1226 1987 1444 2020 poemorum

89 2025 114 2053 F
131 2033 242 2065 mpr.
258 2025 283 2054 P
298 2033 410 2064 nupt.
486 2021 657 2067 habenis]
679 2022 808 2056 ahenis
829 2027 864 2056 P.
942 2027 983 2056 11
1007 2023 1163 2068 directa]
1185 2023 1334 2057 derecta
1348 2027 1383 2056 P.

89 2070 219 2113 guttur
238 2069 376 2103 Faber:
406 2070 555 2113 gutture
576 2072 614 2102 A.
691 2069 814 2115 hasta]
840 2071 921 2104 asta
940 2074 976 2105 P.
1054 2075 1096 2104 12
1117 2071 1258 2117 hostes]
1287 2072 1384 2106 ostes
1405 2074 1443 2104 V.

91 2120 133 2149 13
160 2115 286 2161 gladio
308 2117 421 2159 caput
440 2120 472 2150 1:
500 2116 626 2161 gladio
648 2117 769 2161 capud
789 2121 825 2159 P,
854 2119 966 2162 caput
986 2118 1113 2163 gladio
1136 2122 1167 2153 C.
1267 2117 1443 2163 dempsit]

91 2163 226 2197 demsit
238 2167 274 2196 P.
341 2167 382 2196 14
402 2163 517 2209 regis]
532 2175 638 2209 reges
653 2168 690 2198 V.
757 2169 798 2198 15
821 2166 957 2199 stativa
970 2176 1034 2199 rex
1047 2170 1088 2199 P:
1106 2177 1169 2200 rex
1185 2166 1324 2200 statiua
1339 2170 1370 2200 C.

89 2210 236 2256 habuit]
264 2210 382 2245 habut
401 2215 435 2245 P.
523 2216 564 2245 16
594 2213 679 2246 iter
705 2213 788 2247 add.
810 2216 836 2246 Ι.
922 2217 965 2246 20
992 2213 1156 2259 incussa]
1182 2213 1402 2247 inconcussa
1423 2218 1443 2247 C

91 2257 326 2303 [in***cussa
352 2259 404 2304 Β]
493 2263 534 2292 21
562 2259 729 2305 ultimas]
756 2260 899 2294 ultimis
925 2264 950 2293 P
973 2273 1014 2295 m.
1030 2273 1090 2305 pr.
1178 2273 1214 2295 se
1242 2260 1444 2305 quereban-

89 2305 166 2350 tur]
187 2317 223 2339 se
245 2306 468 2350 querebatur
488 2309 513 2338 B
536 2318 577 2340 m.
594 2319 652 2350 pr.
674 2311 712 2349 F,
733 2307 982 2350 sequebantur
1001 2312 1036 2342 L.
1118 2312 1161 2342 22
1190 2308 1284 2342 adiri
1314 2308 1443 2343 Vinde-

92 2353 205 2388 linus:
234 2352 336 2388 adire
357 2356 395 2387 A.
471 2353 670 2400 fulgorem]
698 2354 908 2399 fulguorem
934 2360 960 2388 F
983 2368 1024 2390 m.
1040 2368 1100 2401 pr.

1472 1108 1490 1124 -1

1473 1128 1489 1136 ..a

1472 1346 1490 1375 3
