1610 2522
30 765 62 790 10

29 1062 62 1087 15

327 104 660 139 HISTORIAR-UM
688 104 971 138 ALEXANDRI
998 103 1056 145 VI,
1085 108 1114 137 9⁴
1142 109 1193 138 10,
1355 103 1433 143 187

84 215 256 255 modum
291 214 513 255 verborum
548 215 702 255 misero
736 216 878 254 tenere
912 212 1096 253 difficile.
1146 211 1297 265 Itaque
1328 212 1436 252 inter

83 274 289 328 optimam
322 273 623 315 conscientiam
656 276 697 314 et
729 272 1041 326 iniquissimam
1067 272 1285 312 fortunam
1313 271 1436 312 desti-

84 336 201 374 tutus
241 334 410 386 ignoro,
455 333 668 386 quomodo
702 335 743 373 et
776 332 916 372 animo
950 345 1043 372 meo
1078 334 1119 372 et
1152 330 1333 384 tempori
1367 345 1435 384 pa-

1465 222 1482 240 ¹)

1466 242 1482 250 -ι

84 407 208 433 ream.
266 392 400 433 Abest
433 392 605 445 quidem
639 392 826 445 optimus
860 405 1009 432 causae
1039 405 1157 431 meae
1184 390 1328 431 iudex:
1363 390 1435 443 qui
1464 400 1482 427 :3

83 466 156 492 cur
187 466 253 492 me
286 452 377 505 ipse
410 451 553 492 audire
584 450 780 504 noluerit,
811 465 909 503 non,
943 449 1194 502 mehercule,
1227 449 1437 503 excogito,

84 525 179 551 cum
218 511 279 552 illi
319 511 534 564 utrimque
577 512 748 565 cognita
781 524 907 550 causa
940 512 1025 550 tam
1060 509 1257 549 damnare
1291 523 1355 549 me
1388 507 1436 548 li-

82 573 174 611 ceat
207 585 333 624 qnam
367 570 597 622 absolvere,
630 584 716 611 non
748 570 919 625 cognita
947 583 1045 610 vero
1072 568 1245 610 liberari
1271 568 1437 608 absenti

83 644 167 671 non
194 643 380 683 possum,
411 630 483 683 qui
504 645 528 670 a
547 632 767 683 praesente
788 629 1009 669 damnatus
1031 643 1136 668 sum.
1189 626 1271 668 Sed
1293 641 1437 680 quam·
1464 638 1485 666 4

84 704 210 742 quam
243 689 375 729 vincti
406 689 592 730 hominis
626 702 711 729 non
738 702 997 742 supervacua
1024 687 1175 740 30111111,
1209 686 1282 727 sed
1308 687 1435 727 etiam

83 748 220 789 invisa
246 748 433 789 defensio
461 751 536 801 est,
563 748 634 802 qui
662 748 844 788 iudicem
871 762 956 788 non
983 746 1130 788 docere
1157 746 1335 795 videtur,
1365 746 1437 786 sed

83 822 271 863 arguere,
303 811 458 860 tamen,
491 813 722 861 utcumque
754 807 854 848 licet
886 821 952 847 me
983 806 1132 859 dicere,
1165 808 1321 846 memet
1347 806 1438 859 ipse

81 881 168 907 non
201 867 389 908 deseram
422 881 498 908 nec
531 867 809 918 committam,
848 869 896 906 ut
929 866 1151 906 damnatus
1184 866 1311 905 etiam
1344 879 1437 905 mea

84 927 295 967 sententia
332 926 486 967 videar.
556 926 784 980 Equidem,
830 927 948 967 cuius
988 924 1178 966 criminis
1215 939 1311 965 reus
1346 925 1437 974 sim,

81 1000 168 1026 non
200 986 338 1027 Video:
372 987 484 1026 inter
515 985 758 1027 coniuratos
791 999 914 1026 nemo
948 999 1012 1025 me
1046 985 1250 1037 nominat,
1290 983 1339 1023 de
1372 998 1437 1023 me

82 1044 370 1086 Nicomachus
396 1045 504 1086 nihil
533 1045 653 1099 dixit,
686 1043 912 1086 Cebalinus
939 1044 1047 1098 PIUS,
1081 1058 1208 1098 quam
1236 1043 1437 1095 audierat,

1466 935 1484 961 s)

84 1106 190 1146 scire
222 1119 308 1145 non
339 1105 492 1159 potuit.
544 1104 677 1158 Atqui
713 1104 1019 1145 coniurationis
1054 1106 1180 1157 caput
1211 1117 1276 1143 me
1306 1102 1438 1143 fuisse
1466 1113 1484 1141 0·

83 1164 216 1205 credit
247 1166 337 1204 rex!
389 1163 537 1205 Potuit
564 1178 663 1219 ergo
690 1163 886 1217 Dymnus
913 1178 1009 1203 eum
1036 1163 1279 1216 praeterire,
1312 1176 1436 1215 quem

84 1222 358 1277 sequebatur,
393 1224 641 1277 praesertim
675 1238 769 1264 cum
805 1222 1024 1277 quaerenti
1058 1222 1195 1262 socios
1229 1221 1297 1262 vel
1329 1221 1437 1261 falso

83 1282 236 1323 fuerim
262 1283 558 1329 nominandus,
591 1297 674 1336 quo
701 1282 879 1336 facilius,
914 1282 986 1336 qui
1013 1281 1318 1335 temptabatur,
1344 1295 1437 1334 pos-

84 1345 145 1383 set
184 1341 360 1396 inpelli?
411 1341 509 1383 Non
547 1342 658 1382 enim
693 1342 857 1383 detecto
891 1342 1078 1382 facinore
1110 1354 1266 1381 nomen
1298 1354 1438 1380 meum

83 1401 313 1456 praeteriit,
340 1405 387 1442 ut
412 1401 552 1455 possit
577 1401 709 1442 videri
737 1401 852 1442 socio
879 1400 1135 1454 pepercisse:
1162 1398 1438 1451 Nicomacho,

85 1474 209 1514 quem
243 1461 472 1501 taciturum
505 1476 656 1502 arcana
689 1461 738 1501 de
771 1460 997 1513 semetipso
1032 1458 1239 1512 credebat,
1279 1458 1438 1499 confes-

85 1534 157 1560 sus
203 1519 297 1560 aliis
332 1520 564 1560 nominatis
609 1535 674 1561 me
719 1535 850 1560 unum
895 1519 1183 1560 subtrahebat.
1260 1517 1439 1566 Quaeso,
1467 1530 1486 1560 S

85 1579 413 1631 commilitones,
458 1579 493 1620 si
533 1578 759 1620 Cebalinus
803 1594 870 1620 me
904 1593 987 1619 non
1020 1577 1194 1631 adisset,
1227 1577 1337 1618 nihil
1373 1591 1439 1618 me

183 1700 197 1728 1
227 1695 379 1741 misero]
405 1696 537 1729 misere
563 1699 588 1728 P
615 1708 658 1730 m.
682 1708 739 1740 pr.
889 1699 907 1729 3
936 1696 1120 1739 quomodo
1148 1698 1184 1728 et
1211 1699 1242 1727 1:
1281 1695 1317 1727 et
1350 1705 1439 1739 quo-

84 1742 194 1776 modo
221 1746 260 1775 A.
342 1746 362 1775 4
390 1743 568 1788 optimus]
595 1745 769 1787 optumus
796 1747 831 1776 P.
917 1747 936 1776 5
964 1742 1149 1788 excogito]
1177 1741 1377 1786 exquogito
1398 1745 1438 1774 V.

86 1794 105 1823 6
133 1800 244 1824 causa
270 1791 364 1835 tam]
397 1792 552 1824 causata
579 1794 618 1824 V.
767 1794 785 1824 7
814 1790 1004 1825 absolvere
1036 1794 1069 1823 1:
1107 1790 1300 1824 obsoluere
1326 1792 1365 1823 A.

87 1837 250 1883 cognita]
278 1839 403 1882 cogita
428 1841 454 1871 P
476 1850 518 1872 m.
534 1850 584 1882 pr
678 1837 824 1872 absenti
849 1839 996 1882 scripsi:
1024 1837 1176 1871 absente
1197 1840 1236 1870 A.
1319 1840 1339 1870 8
1366 1847 1438 1869 11011

85 1896 248 1929 possum,
263 1885 327 1928 qui
341 1897 361 1918 a
382 1888 576 1929 praesente
591 1897 657 1920 om.
672 1889 698 1919 P
712 1898 756 1919 m.
774 1897 844 1929 pr„
864 1896 1039 1930 superscr.
1060 1897 1104 1919 m.
1119 1896 1183 1920 sec.
1261 1889 1278 1918 9
1307 1884 1438 1928 tincti]

85 1932 178 1966 uicti
204 1936 229 1965 1.
250 1945 292 1966 m.
308 1945 368 1977 pr.
393 1936 418 1965 P
446 1945 486 1967 m.
505 1945 562 1977 pr.
672 1937 714 1967 12
744 1945 812 1967 nec
845 1933 1092 1978 committam]
1122 1944 1190 1966 nec
1219 1933 1390 1966 omittam
1414 1934 1439 1963 B

89 1991 130 2013 m.
147 1991 206 2023 pr.
221 1983 246 2012 P
265 1992 310 2014 m.
325 1992 398 2024 pia,
418 1991 484 2014 nec
506 1980 697 2014 comittam
717 1984 789 2014 LV.
867 1984 910 2013 14
930 1980 1042 2025 inter]
1063 1980 1134 2014 iter
1152 1983 1188 2013 P.
1266 1984 1308 2014 15
1330 1979 1441 2012 Nico-

86 2027 255 2072 machus]
282 2027 546 2061 nichomachus
573 2032 605 2062 C.
694 2031 736 2061 16
764 2028 895 2073 Atqui]
923 2028 1031 2071 acqui
1058 2031 1083 2060 P
1105 2039 1147 2061 m.
1165 2039 1222 2071 pr.
1311 2027 1438 2071 caput]

89 2074 210 2118 capud
229 2078 264 2107 P.
364 2075 476 2108 fuisse
502 2079 535 2108 I:
563 2075 694 2109 fecisse
717 2078 757 2108 A.
858 2079 899 2109 17
927 2085 1038 2119 quem
1064 2074 1305 2120 sequebatur]
1329 2085 1439 2118 quam

88 2121 312 2165 sequebatur
331 2125 357 2154 P
380 2135 423 2156 m.
442 2134 511 2166 pr„
533 2133 628 2166 quae
648 2122 914 2167 insequebatur
931 2125 990 2155 BP
1010 2134 1055 2156 m.
1078 2133 1142 2157 rec.
1220 2125 1262 2155 19
1289 2121 1439 2166 fuerim]

88 2168 225 2202 fuerint
252 2172 277 2201 P
299 2181 341 2203 m.
357 2181 416 2213 pr.
511 2173 554 2203 20
578 2169 726 2215 inpelli]
750 2169 920 2214 intellegi
943 2173 969 2202 P
992 2182 1036 2204 m.
1055 2182 1114 2214 pr.
1208 2173 1249 2202 21
1275 2171 1439 2213 praeter-

88 2215 148 2260 iit]
174 2217 352 2259 praeterit
377 2221 411 2250 P.
542 2217 661 2261 possit
686 2221 712 2250 P
734 2229 775 2250 m.
791 2229 867 2261 pn:
895 2218 1021 2261 posset
1048 2221 1079 2250 C.
1211 2216 1438 2250 Nicomacho

89 2263 300 2297 Acidalia&
321 2263 560 2298 nicomachus
580 2268 622 2308 P,
643 2264 908 2298 nichomachus
930 2269 962 2297 C.
1038 2268 1081 2297 22
1105 2264 1256 2309 arcana]
1279 2263 1440 2297 archana

88 2313 195 2342 FLV.
303 2314 345 2343 23
373 2311 589 2357 nominatis]
622 2312 834 2346 nominatus
861 2314 954 2344 BFL
983 2324 1024 2345 m.
1044 2324 1098 2355 pr.
1212 2314 1256 2344 24
1284 2311 1440 2355 adisset]

88 2356 254 2391 audisset
280 2361 304 2390 P
333 2370 374 2391 m.
391 2370 448 2402 pr.
