1610 2522
359 102 690 136 HISTORIARL'M
719 101 1002 135 ALEXANDRI
1028 101 1105 143 IIII,
1137 106 1188 135 15».
1394 101 1449 141 99

1401 181 1419 199 0

95 212 184 253 lum
218 213 260 252 in
295 211 433 252 medio
469 211 645 252 haerens
679 210 847 257 adisset,
880 211 922 251 ni
957 211 1120 264 equites
1156 210 1334 266 Agriani
1369 211 1450 252 cal-

95 271 262 313 caribus
285 270 466 312 subditis
488 270 769 312 circumfusos
795 271 886 325 regi
916 270 1118 311 barbaros
1146 270 1283 311 adorti
1310 273 1451 311 essent

93 345 348 384 aversosque
376 330 587 371 caedendo
617 331 659 370 in
687 344 730 370 se
757 330 921 370 obverti
950 330 1198 385 coegissent.
1262 329 1452 371 Turbata

94 394 183 431 erat
214 393 394 443 utraque
428 390 547 431 acies.
612 389 854 430 Alexander
885 393 927 430 et
967 404 990 430 a
1021 389 1161 430 fronte
1194 392 1236 430 et
1273 404 1296 429 a
1327 392 1449 445 tergo

57 467 71 491 5
93 450 259 490 hostem
298 449 493 490 habebat.
557 448 639 497 Qui
679 463 825 490 averso
865 449 902 489 ei
936 448 1170 501 instabant,
1210 451 1250 490 et
1285 449 1365 502 ipsi
1398 448 1448 489 ab

92 508 292 563 Agrianis
314 509 530 562 equitibus
551 508 863 563 premebantur.
905 507 1121 549 Bactriani
1150 508 1449 562 inpedimentis

91 568 280 609 hostium
314 568 491 622 direptis
531 569 687 609 reversi
728 568 896 609 ordines
938 582 1035 609 suos
1074 582 1324 621 recuperare
1362 582 1447 609 non

92 630 310 681 poterant,
342 629 465 681 plura
505 627 632 668 simul
665 626 846 681 abrupta
885 643 908 668 a
946 628 1098 668 ceteris
1131 628 1318 682 agmina,
1358 627 1448 668 ubi-

92 701 274 740 cumque
316 688 444 728 alium
488 686 561 728 alii
602 688 690 728 fors
732 688 977 739 miscuerat,
1019 687 1288 729 dimicabant.
1352 686 1448 728 Duo

40 763 72 787 10
92 761 213 801 reges
254 747 408 787 iunctis
454 761 586 800 prope
627 746 869 801 agminibus
909 747 1120 800 proelium
1160 746 1449 788 accenderant.

91 805 239 847 Plures
272 805 424 847 Persae
458 805 682 859 cadebant,
720 821 797 860 par
835 806 967 847 ferme
1000 806 1215 859 utrimque
1248 820 1448 847 numerus

91 866 403 906 vulnerabatur.
482 864 616 906 Curru
662 865 839 919 Dareus,
885 864 1127 907 Alexander
1173 880 1280 919 equo
1326 865 1449 906 vehe-

91 924 227 966 batur.
299 924 542 979 Utrumque
584 926 737 966 delecti
778 925 1009 966 tuebantur
1051 926 1115 966 sui
1159 926 1448 966 immemores:

91 985 250 1038 quippe
283 985 438 1026 amisso
476 999 575 1039 rege
608 999 685 1025 nec
718 984 917 1026 volebant
951 985 1057 1025 salvi
1090 998 1180 1025 esse
1221 998 1299 1025 1130
1331 986 1448 1038 pote-

38 1060 69 1085 15
89 1047 195 1084 rant.
259 1043 372 1085 Ante
411 1044 558 1085 oculos
598 1045 662 1084 sui
696 1045 876 1098 quisque
914 1046 1027 1099 regis
1066 1048 1248 1085 mortem
1283 1057 1445 1085 occum-

91 1103 188 1144 bere
230 1103 413 1144 ducebat
450 1104 682 1158 egregium.
751 1103 987 1145 Maximum
1027 1107 1170 1145 tamen
1209 1104 1446 1157 periculum

90 1162 275 1217 adibant,
309 1178 415 1216 quos
448 1165 631 1204 maxime
665 1163 912 1204 tuebantur:
953 1164 1112 1218 quippe
1153 1163 1235 1204 sibi
1269 1163 1449 1217 quisque

18 1226 68 1260 59
90 1222 199 1263 caesi
237 1223 350 1276 regis
383 1222 609 1277 expetebat
642 1223 781 1264 decus.
845 1221 1055 1277 Ceterum,
1094 1223 1181 1263 sive
1214 1222 1448 1263 ludibrium

89 1283 311 1323 oculorum
345 1283 432 1323 sive
465 1298 562 1323 vera
590 1283 750 1336 species
784 1283 878 1335 fuit,
912 1283 984 1336 qui
1019 1283 1130 1324 circa
1158 1281 1448 1323 Alexandrum

35 1358 68 1382 κο
88 1344 219 1394 erant,
252 1341 408 1383 vidisse
441 1356 484 1382 se
512 1341 781 1384 crediderunt
807 1343 982 1396 paulum
1018 1356 1144 1396 super
1177 1346 1304 1396 caput
1334 1342 1447 1396 regis

86 1401 251 1454 placide
296 1402 510 1442 volantem
558 1402 764 1454 aquilam,
808 1415 895 1442 non
941 1416 1044 1442 sono
1087 1415 1319 1454 armorum,
1361 1415 1448 1442 non

87 1460 248 1514 gemitu
306 1461 580 1501 morientium
639 1461 849 1513 territam,
908 1461 1064 1514 diuque
1123 1461 1234 1502 circa
1290 1474 1446 1514 equum

87 1519 320 1560 Alexandri
339 1520 541 1574 pendenti
563 1521 699 1575 magis
728 1534 854 1573 quam
876 1521 1038 1560 volanti
1065 1521 1217 1561 similis
1240 1520 1446 1574 adparuit.

88 1576 210 1620 Certe
255 1582 372 1620 vates
411 1579 663 1620 Aristander
707 1579 801 1620 alba
842 1583 959 1621 veste
1000 1580 1173 1620 indutus
1216 1582 1257 1620 et
1300 1579 1447 1620 dextra

33 1638 328 1690 15111331313118
359 1640 547 1680 lauream
580 1639 789 1679 militibus
823 1639 867 1679 in
893 1653 1083 1694 pugnam
1116 1639 1292 1680 intentis
1326 1653 1445 1680 avem

85 1698 350 1738 monstrabat
381 1698 495 1739 haud
527 1698 705 1739 dubium
737 1698 942 1739 victoriae
969 1699 1221 1753 auspicium.
1284 1697 1442 1753 Ingens

85 1769 185 1810 ergo
225 1756 420 1799 alacritas
459 1760 500 1798 et
538 1757 693 1798 fiducia
730 1758 859 1811 paulo
899 1762 997 1799 ante
1037 1758 1209 1798 territos
1251 1758 1445 1798 accendit

85 1815 136 1855 ad
177 1830 384 1870 pugnam7
424 1818 571 1870 utique
611 1820 838 1871 postquam
873 1818 1019 1872 auriga
1055 1817 1200 1869 Darei,
1242 1818 1316 1870 qui
1349 1821 1446 1858 ante

181 1984 200 2013 ὁ
229 1982 266 2014 et
292 1981 384 2024 ipsi
409 1982 560 2025 scripsi:
589 1983 626 2015 et
652 1984 691 2014 A.
778 1984 796 2014 6
824 1981 1108 2026 inpedimentis]
1135 1980 1394 2024 inpidimentis
1416 1985 1441 2013 P

85 2033 105 2059 ὅ
132 2026 308 2073 abrupta]
329 2031 464 2072 arupta
483 2032 522 2062 V.
600 2032 642 2062 10
664 2028 926 2074 accenderant]
948 2028 1171 2063 accederant
1191 2031 1230 2061 V.
1308 2033 1348 2062 11
1377 2040 1446 2061 1111-

84 2085 205 2108 merus
230 2075 510 2121 vulnerabatur]
537 2076 803 2110 numerabatur
829 2080 865 2109 F.
978 2079 1020 2109 13
1047 2075 1254 2119 Utrumque
1277 2076 1444 2111 illerum:

84 2121 270 2165 utrimque
297 2126 336 2156 A.
435 2123 685 2169 immemores]
706 2123 942 2157 inimemores
968 2127 1029 2156 FP
1051 2135 1093 2157 m.
1110 2135 1168 2167 pr.
1271 2128 1314 2157 14
1340 2125 1445 2167 pote-

85 2169 184 2214 rant]
204 2172 351 2213 poterat
368 2174 394 2203 P
416 2183 458 2204 m.
474 2183 533 2215 pr.
610 2175 651 2204 17
674 2171 829 2204 adibant
849 2175 881 2204 1:
905 2171 1135 2205 adhibebant
1150 2174 1188 2203 A.
1267 2174 1309 2205 18
1330 2170 1444 2216 regis]

85 2226 190 2260 reges
204 2220 231 2250 F
253 2229 294 2251 m.
311 2229 370 2261 pr.
391 2222 416 2251 L
439 2230 481 2252 m.
497 2230 556 2262 pr.
632 2218 846 2264 expetebat]
869 2218 1090 2262 expectebat
1103 2222 1143 2252 V.
1221 2221 1263 2252 19
1285 2218 1444 2263 species]

86 2264 224 2306 speties
249 2268 284 2297 1..
385 2268 428 2299 20
455 2265 609 2309 paulum
629 2270 655 2299 P
674 2277 812 2310 1m.pr.:
840 2265 1035 2310 paululum
1056 2270 1089 2299 c.
1165 2266 1294 2311 caput]
1323 2265 1445 2309 capud

86 2314 157 2343 Pv.
274 2315 317 2345 22
344 2312 597 2358 morientium]
625 2313 825 2347 orientium
843 2318 869 2347 P
892 2326 934 2348 m.
949 2324 1009 2358 pr.
1126 2313 1310 2358 territam]
1337 2312 1444 2346 terri-

85 2361 184 2392 tam*
207 2362 242 2391 P.
319 2363 361 2393 25
389 2361 509 2406 avem]
537 2363 661 2394 autem
687 2363 724 2393 B.
801 2364 844 2394 26
872 2360 1096 2405 auspicium]
1124 2360 1329 2404 auspitium
1355 2364 1391 2393 L.

1183 2421 1224 2435 ”³2

1187 2431 1196 2452 ί

1478 459 1520 489 22

1477 697 1520 727 23

1476 935 1521 966 24

1476 1114 1520 1145 25

1474 1234 1519 1264 26

1473 1590 1518 1621 27

1471 1709 1514 1739 28
