1610 2522
132 67 188 107 32
637 70 676 107 Q.
705 65 846 99 ‹tUR'l'l
877 66 983 99 ltllb'l

85 188 104 217 5
135 177 247 229 bant,
281 176 443 230 ingenti
472 176 632 230 gemitu
668 175 912 228 eiulatuque
940 175 1162 216 deflebant.
1220 174 1341 216 Unus
1369 190 1483 216 nani-

134 250 214 290 que
259 252 279 275 e
325 235 504 289 captivis
549 234 826 289 spadonibus,
878 234 947 288 qui
995 236 1103 275 forte
1154 238 1251 275 ante
1297 235 1483 289 ipsarum

135 295 452 335 tabernaculum
486 297 676 346 steterat,
718 294 966 347 amiculum,
1008 294 1120 348 quod
1156 294 1334 344 Dareus,
1376 295 1485 335 sicut

134 355 259 408 paulo
294 357 390 395 ante
424 353 582 395 dictum
618 357 698 407 est,
737 369 788 394 ne
822 355 937 394 cultu
971 354 1232 408 proderetur,
1264 354 1485 406 abiecerat,

134 415 176 454 in
211 413 405 454 manibus
439 414 546 467 eius,
580 413 652 466 qui
686 416 898 467 repertum
934 413 1113 465 ferebat,
1147 414 1321 469 agnovit
1353 418 1484 454 ratus-
1524 430 1538 454 ε.

134 488 214 528 qne
250 473 470 514 interfecto
505 473 739 513 detractum
781 487 870 514 esse
910 472 1061 513 falsum
1104 473 1300 513 nuntium
1337 472 1486 514 mortis

87 545 105 573 o
134 534 222 573 eius
244 534 453 573 attulerat.
506 531 598 573 Hoc
620 532 841 573 mulierum
865 547 1005 573 errore
1026 535 1226 586 conperto
1248 532 1488 572 Alexander

89 724 105 754 7

137 594 330 633 fortunae
373 592 499 633 Darei
545 595 586 632 et
632 592 779 645 pietati
825 607 966 633 earum
1016 591 1304 633 inlacrimasse
1342 593 1486 632 fertur.

134 652 196 693 Ac
230 653 368 706 primo
409 651 683 703 Mithrenem,
725 652 796 705 qui
838 650 982 692 Sardis
1023 651 1272 703 tradiderat,
1305 651 1484 705 peritum

136 713 308 766 linguae
335 711 539 764 Persicae,
572 711 631 751 ire
665 711 715 751 ad
745 711 1022 751 consolandas
1055 725 1123 752 eas
1155 711 1351 751 iusserat:
1388 711 1488 751 veri·
1510 728 1542 752 ιο

133 776 202 812 tus
236 771 402 824 deinde,
443 785 494 812 ne
528 770 720 824 proditor
761 771 1024 824 captivarum
1068 770 1171 811 iram
1215 769 1488 824 doloremque

135 834 369 884 renovaret,
401 830 668 871 Leonnatum
696 845 745 871 ex
780 831 1025 884 purpuratis
1058 829 1145 870 suis
1176 830 1294 870 misit
1327 829 1487 871 iussum

136 890 338 944 indicare,
378 890 487 931 falso
519 889 741 930 lamentari
776 905 845 930 eas
886 889 1038 930 vivum.
1102 888 1179 930 Ille
1215 904 1308 930 eum
1342 889 1488 944 paucis

134 950 358 1005 armigeris
391 950 435 990 in
461 949 792 1000 tabernaculum,
825 950 869 990 in
902 964 985 1003 quo
1013 949 1205 1003 captivae
1235 952 1366 1002 erant,
1399 962 1490 1002 per-

87 1021 107 1049 s
136 1010 251 1052 venit
283 1010 545 1063 missumque
579 1024 622 1050 se
655 1024 679 1050 a
711 1023 808 1065 rege
841 1009 1029 1050 nuntiari
1061 1009 1187 1049 iubet.
1252 1007 1309 1048 At
1343 1009 1384 1060 ii,
1416 1007 1486 1062 qui
1512 1025 1542 1050 ιε,

137 1071 180 1111 in
212 1069 423 1110 vestibulo
457 1072 594 1121 erant,
633 1071 680 1110 ut
712 1072 897 1110 armatos
930 1082 1202 1122 conspexere,
1236 1068 1315 1108 rati
1349 1070 1487 1108 actum

136 1144 226 1170 esse
260 1129 309 1169 de
343 1129 525 1170 dominis
560 1129 603 1169 in
636 1128 955 1170 tabernaculum
993 1130 1167 1168 currunt
1202 1127 1490 1175 vociferantes,

137 1189 280 1230 adesse
332 1203 570 1241 supremam
624 1189 772 1229 horam
824 1188 1078 1241 missosque,
1127 1188 1200 1241 qui
1251 1186 1491 1228 occiderent

91 1260 109 1289 9
138 1252 294 1302 captas.
364 1247 530 1302 Itaque,
575 1251 622 1288 ut
665 1262 770 1301 quae
816 1262 891 1288 nec
933 1246 1157 1300 prohibere
1198 1249 1374 1299 possent
1414 1260 1490 1286 nee

137 1309 361 1350 admittere
389 1308 601 1360 auderent,
628 1307 746 1348 nullo
774 1321 978 1360 responso
1001 1306 1098 1347 dato
1126 1307 1280 1347 tacitae
1301 1306 1488 1359 opperie-
1510 1322 1544 1347 20

70 1380 110 1409 10
137 1367 294 1409 bantur
335 1367 509 1408 victoris
551 1367 785 1407 arbitrium.
852 1366 1095 1407 Leonnatus
1141 1368 1362 1420 expectato
1408 1365 1491 1415 diu,

71 1619 108 1648 11

139 1429 211 1482 qui
239 1442 281 1467 se
309 1427 608 1480 introduceret,
640 1430 865 1481 postquam
893 1440 1016 1467 nemo
1044 1425 1269 1479 procedere
1295 1424 1491 1475 audebat,

139 1487 297 1528 relictis
332 1487 375 1528 in
408 1487 618 1528 vestibulo
647 1486 904 1527 satellitibus
932 1486 1062 1526 intrat
1090 1485 1131 1525 in
1160 1483 1490 1526 tabernaculum.

139 1546 202 1587 Ea
242 1547 334 1602 ipsa
371 1560 436 1587 res
469 1546 715 1587 turbaverat
748 1545 944 1597 feminas,
985 1545 1099 1598 quod
1133 1544 1364 1599 inrupisse,
1405 1557 1490 1584 non

139 1606 349 1647 admissus
389 1605 629 1646 videbatur:
673 1605 815 1659 itaque
857 1608 990 1646 mater
1030 1608 1072 1645 et
1113 1604 1298 1645 coniunx
1343 1617 1490 1657 provo·
1511 1619 1544 1644 25

140 1667 253 1707 lutae
292 1666 342 1706 ad
375 1665 502 1720 pedes
542 1679 660 1705 orare
693 1668 940 1718 coeperunt,
979 1667 1043 1716 ut,
1084 1665 1330 1717 priusquam
1364 1664 1490 1704 inter-

141 1728 382 1776 ficerentur,
434 1724 559 1765 Darei
605 1739 758 1778 eorpus
810 1725 911 1778 ipsis
963 1724 1100 1776 patrio
1153 1737 1268 1763 inore
1314 1721 1491 1776 sepelire

142 1786 417 1839 permitteret,
456 1785 622 1825 functas
657 1798 854 1838 supremo
896 1783 938 1823 in
974 1797 1113 1835 regem
1148 1782 1291 1823 officio
1326 1781 1491 1835 inpigre

238 1908 252 1936 1
271 1901 485 1945 eiulatuque
500 1905 532 1934 1:
548 1900 790 1944 heiulatuque
805 1903 844 1933 A.
896 1899 1096 1943 deflebant]
1114 1898 1323 1932 defluebant
1339 1901 1364 1930 P
1380 1909 1420 1931 m.
1435 1909 1490 1941 pr.

141 1955 159 1984 4
188 1962 232 1984 ne
253 1954 285 1983 1:
308 1960 374 1984 nec
395 1952 433 1982 A.
510 1955 529 1980 ὅ
551 1948 804 1982 inlacrimasse
825 1952 865 1981 P:
890 1947 1101 1981 lacrimasse
1123 1950 1153 1979 C.
1231 1950 1249 1978 9
1273 1945 1353 1990 quil
1375 1956 1446 1988 qua
1468 1949 1493 1978 P

142 2011 183 2032 m.
205 2010 259 2042 pr.
336 2001 379 2031 14
406 1997 443 2030 iu
470 1996 768 2040 tabernaculum}
797 1996 832 2029 in
860 2008 925 2029 om.
947 1998 972 2028 P
1052 1994 1172 2038 erant]
1200 1996 1302 2027 erent
1327 1996 1351 2026 P
1374 2005 1416 2026 m.
1434 2004 1489 2037 pr.

145 2051 185 2079 15
201 2045 364 2079 nuntiari
386 2045 526 2079 Lauer:
543 2044 715 2078 nuntiare
730 2047 769 2076 A.
834 2043 857 2076 ii
884 2042 1112 2077 Vindelinus:
1129 2041 1166 2074 hi
1182 2044 1221 2074 A.
1288 2043 1328 2075 18
1346 2041 1490 2074 missos-

141 2094 227 2137 que!
243 2093 429 2136 niis-osque
444 2096 469 2125 Ε
486 2104 527 2125 m.
541 2103 596 2135 pr.
612 2095 650 2124 V.
714 2091 923 2125 occiderent
936 2091 940 2135 Ι
955 2089 1167 2123 occiderant
1181 2091 1248 2122 LP.
1313 2091 1357 2120 20
1379 2087 1489 2122 aude-

143 2142 238 2185 rent}
269 2140 421 2174 auderet
442 2143 480 2174 V.
568 2139 721 2183 tacitael
749 2139 863 2172 tacito
887 2142 923 2172 F.
1022 2135 1325 2181 opperiebantur}
1353 2135 1493 2180 operie-

143 2189 277 2222 bantur
302 2191 328 2220 B
356 2200 398 2221 m.
414 2199 472 2232 pr.
494 2190 599 2221 FPV.
730 2191 772 2220 ‘22’
801 2185 999 2230 procedere
1027 2184 1194 2218 Modius:
1224 2183 1426 2227 producere
1452 2186 1492 2217 Δ.

143 2241 186 2270 25
214 2238 250 2269 et
277 2235 450 2279 coniunx}
478 2246 558 2269 eam
586 2235 673 2268 iunx
694 2238 732 2267 V.
816 2238 859 2267 ’.Ξὸ
887 2233 1073 2277 supremo]
1095 2242 1292 2276 suppremo
1313 2234 1382 2272 LP,
1409 2241 1493 2274 sup-

144 2294 292 2328 praenio
319 2286 389 2316 BF.
514 2282 657 2325 inpigre
684 2293 761 2315 esse
790 2282 933 2325 Stuuql:
969 2280 1114 2324 inpigre
1146 2290 1223 2313 sese
1250 2282 1274 2311 L
1302 2278 1378 2323 [secl
1403 2289 1492 2313 corr.

142 2343 315 2375 supet-scr.
339 2330 570 2375 ingressesel.
597 2329 841 2373 inpigressese
861 2333 897 2368 P,
925 2329 1128 2373 ingressese
1149 2329 1225 2368 BF,
1254 2325 1438 2367 ingresese
1453 2328 1491 2359 V.
