1610 2522
88 391 128 419 13

90 628 127 658 14

86 807 127 836 15

87 926 128 955 16

95 1216 143 1251 vi

107 1465 126 1492 1:

163 33 213 73 1⁴³»
663 37 702 76 Q.
731 34 873 69 ‹JUR'H
903 34 1010 69 RUFI

159 142 378 183 hostilium
415 158 625 183 armorum
656 143 854 185 exaudire
888 143 991 184 mihi
1027 144 1170 186 videor
1203 148 1255 198 et,
1288 145 1358 199 qui
1394 144 1506 187 ultro

110 219 117 225 ·
158 201 280 243 intuli
325 202 499 253 bellum,
540 202 621 243 iam
662 218 881 257 provocor.
945 203 1107 245 Dareus
1146 219 1246 260 ergo
1287 219 1378 246 cum
1419 207 1505 246 tam

158 261 362 315 superbas
396 261 561 302 litteras
595 262 809 317 scriberet,
838 264 1051 304 fortunam
1084 278 1218 304 meam
1253 264 1293 304 in
1329 263 1506 305 consilio

156 320 323 375 habuit,
369 321 440 362 sed
480 322 755 376 nequiquam,
801 322 833 362 si
878 322 980 363 mihi
1019 323 1195 364 arbitrio
1235 338 1328 365 meo
1369 323 1506 365 curari

157 381 266 421 licet.
330 380 463 422 Lenta
490 381 673 421 remedia
707 384 748 422 et
776 396 926 436 segnes
954 382 1140 423 medicos
1168 397 1253 424 non
1280 386 1507 437 expectant
1544 401 1558 426 z.

157 443 349 493 tempora
371 455 480 480 mea:
508 440 574 480 vel
602 441 709 481 mori
732 444 902 482 strenue
924 457 1049 495 quam
1073 442 1191 484 tarde
1212 444 1506 484 convalescere

157 499 261 540 mihi
296 499 448 540 melius
482 503 555 541 est.
625 500 815 554 Proinde,
852 501 885 542 si
920 501 1020 554 quid
1055 502 1160 556 opis,
1200 503 1232 543 si
1269 502 1368 556 quid
1403 502 1506 544 artis

158 559 197 599 in
235 559 408 600 medicis
441 563 517 614 est,
557 560 692 601 sciant
725 576 790 601 me
824 575 906 601 non
941 564 1027 602 tam
1062 562 1214 602 mortis
1248 576 1371 616 quam
1407 561 1505 604 belli

156 619 388 660 remedium
442 619 669 673 quaerer’e.
750 619 968 675 Ingentem
1024 621 1221 662 omnibus
1272 622 1506 663 incusserat

157 693 298 719 curam
328 681 414 720 tam
442 694 643 733 praeceps
665 681 882 721 temeritas
910 680 1012 721 eius
1076 681 1190 737 Ergo
1218 695 1295 735 plo
1324 696 1367 722 se
1395 681 1506 735 quis·
1528 699 1560 724 ιο

157 753 238 792 que
265 738 425 792 precari
455 753 641 792 coeper,e
675 754 725 780 ne
752 739 1025 781 festinatione
1052 739 1287 794 periculum
1321 743 1506 794 aucreret,

156 798 228 839 sed
266 801 377 839 esset
415 798 456 838 in
498 801 709 853 potestate
748 799 1025 840 medentium:
1066 800 1285 853 inexperta
1323 800 1508 841 remedia

155 857 268 898 haud
296 858 450 898 iniuria
477 858 581 912 ipsis
609 872 700 899 esse
727 861 934 912 suspecta,
961 874 1055 900 cum
1083 859 1134 900 ad
1161 859 1388 913 perniciem
1417 859 1506 900 eius

156 917 282 958 etiam
306 933 329 958 a
350 919 481 959 latere
503 918 636 972 ipsius
658 919 836 973 pecunia
858 919 1109 959 sollicitaret
1129 918 1278 960 hostis.
1341 917 1506 973 Quippe

156 977 319 1018 Dareus
352 977 469 1018 mille
495 977 656 1018 talenta
684 977 944 1019 interfectori
974 977 1203 1019 Alexandri
1232 978 1427 1020 daturum
1463 994 1506 1019 se
1529 997 1559 1021 15

156 1037 424 1091 pronuntiari
446 1037 638 1078 iusserat.
690 1036 839 1092 ltaque
865 1052 917 1078 ne
944 1052 1142 1078 ausurum
1168 1037 1334 1092 quidem
1365 1053 1505 1092 quem-

156 1111 281 1151 quam
315 1096 633 1138 arbitrabantur
672 1097 853 1152 experiri
888 1098 1138 1141 remedium.
1182 1097 1295 1152 quod
1332 1101 1507 1152 propter

155 1157 386 1198 novitatem
422 1159 566 1210 posset
599 1171 690 1197 esse
723 1160 978 1211 suspectum.

245 1216 349 1257 Erat
390 1217 499 1257 inter
542 1216 708 1257 nobiles
754 1216 939 1258 medicos
985 1232 1033 1257 ex
1074 1216 1322 1258 Macedonia
1362 1231 1502 1273 regem
1528 1220 1572 1256 14

155 1279 324 1318 secutos
368 1275 612 1330 Philippus,
655 1277 826 1317 natione
869 1278 1082 1326 Acarnan,
1125 1276 1235 1316 fidus
1277 1276 1503 1318 admodum
1526 1296 1559 1319 :³0

155 1336 262 1392 regi:
291 1350 422 1390 puero
451 1350 591 1376 comes
620 1339 660 1377 et
687 1340 830 1377 custos
852 1336 1003 1377 salutis
1025 1336 1148 1377 datus
1176 1350 1261 1376 non
1289 1339 1336 1377 ut
1362 1351 1503 1392 regem

156 1396 294 1450 modo,
329 1395 399 1436 sed
427 1396 554 1436 etiam
581 1398 628 1436 ut
656 1395 874 1437 alumnum
904 1395 1057 1436 eximia
1086 1395 1260 1436 caritate
1288 1395 1504 1452 diligebat.

156 1454 196 1495 Is
237 1470 320 1495 non
360 1470 560 1509 praeceps
600 1470 661 1502 se,
700 1455 772 1497 sed
811 1459 1028 1497 strenuum
1070 1454 1301 1496 remedium
1342 1455 1505 1496 adferre

155 1518 403 1568 tantamque
431 1514 514 1555 vim
546 1515 678 1555 morbi
709 1515 882 1568 potione
910 1515 1119 1556 medicata
1145 1515 1381 1556 levaturum
1416 1530 1506 1556 esse

156 1574 364 1627 promisit.
416 1573 535 1615 Nulli
560 1575 816 1628 promissum
839 1576 929 1616 eius
950 1574 1143 1628 placebat
1164 1578 1331 1628 praeter
1352 1574 1505 1628 ipsum,
1525 1592 1558 1616 es.

155 1633 275 1674 cuius
322 1633 509 1687 periculo
555 1633 850 1687 pollicebatur.
940 1634 1093 1675 Omnia
1137 1634 1294 1689 quippe
1338 1633 1505 1675 facilius

157 1708 282 1746 quam
318 1708 479 1734 moram
514 1693 675 1747 perpeti
711 1697 894 1747 poterat:
927 1708 1042 1734 arma
1077 1696 1118 1734 et
1151 1694 1260 1733 acies
1294 1694 1335 1734 in
1371 1693 1504 1734 oculis

156 1756 288 1803 erunt,
322 1755 361 1793 et
392 1753 613 1794 victoriam
650 1753 689 1793 in
724 1768 772 1794 eo
800 1754 982 1808 positam
1017 1766 1106 1793 esse
1133 1752 1436 1796 arbitrabatur.
1469 1753 1502 1792 si

156 1816 319 1853 tantum
348 1816 444 1853 ante
472 1813 593 1868 signa
621 1815 732 1853 stare
759 1814 981 1866 potuisset,
1014 1811 1055 1852 id
1082 1813 1234 1865 ipsum,
1267 1812 1380 1865 quod
1409 1816 1502 1866 post

155 1871 264 1913 diem
312 1873 483 1913 tertium
525 1871 877 1913 medicamentum
919 1874 1163 1926 sumpturus
1203 1874 1313 1912 esset
1352 1896 1405 1900 —
1447 1872 1505 1912 ita
1525 1888 1558 1911 so

156 1931 267 1972 enim
301 1931 488 1972 medicus
516 1932 782 1986 praedixerat
811 1957 861 1960 —
892 1946 1015 1987 aegre
1043 1932 1190 1971 ferens.
1255 1929 1369 1971 Inter
1402 1931 1503 1971 haec

155 2007 176 2031 :1
209 1991 496 2046 Parmenione,
529 1991 736 2032 fidissimo
765 1994 1107 2045 purpuratorum.
1141 1990 1304 2031 litteras
1336 1990 1503 2044 accipit,

253 2160 293 2189 13
322 2156 436 2201 haud]
465 2158 527 2190 aut
554 2160 578 2189 P
607 2168 648 2190 m.
667 2168 722 2201 pr.
825 2161 865 2189 15
894 2156 1032 2200 posset}
1059 2155 1177 2199 po>sit
1197 2159 1231 2188 P.
1332 2158 1375 2188 20
1402 2165 1504 2188 secu-

154 2207 210 2237 tos
235 2205 384 2237 Mriser:
407 2206 554 2238 secutus
577 2207 614 2237 A.
690 2205 858 2236 Acarnan
884 2204 1042 2237 (r'iuntat
1065 2214 1222 2236 arcanam
1244 2206 1281 2235 A.
1359 2206 1400 2236 24
1423 2205 1503 2236 tan-

153 2253 319 2296 tamque}
342 2255 571 2295 tamt-amque
593 2255 626 2284 P*
703 2255 746 2284 32
768 2250 1022 2295 Paruwnione]
1045 2251 1280 2293 pernwnione
1301 2254 1340 2290 V,
1362 2260 1504 2294 jurme-

154 2299 262 2332 niont²
290 2303 323 2332 L.
