1610 2522
326 103 662 139 HISTORIAR-UM
688 103 973 137 ALEXANDRI
999 102 1111 144 Vim,
1138 108 1168 136 4.
1192 107 1221 136 5.
1368 102 1455 143 325

103 215 240 254 maius
261 213 598 267 inpedimentum
622 227 747 266 quam
765 216 903 253 vatem
921 212 1225 265 superstitione
1240 214 1412 265 captum
1422 211 1458 252 ἴθ’

101 272 193 315 Nec
226 274 398 326 diutius,
441 287 567 326 quam
601 272 835 325 respondit,
870 274 1059 312 moratus
1092 271 1308 311 admoveri
1341 270 1459 312 iubet
1486 280 1529 310 30

103 332 237 374 scalas
271 332 653 385 cunctantibusque
693 331 842 372 ceteris
881 331 1023 371 evadit
1054 331 1098 371 in
1129 345 1311 371 murum.
1374 328 1459 370 An-

103 394 228 447 gusta
267 392 377 432 muri
417 405 571 432 corona
611 393 718 431 erat:
756 405 843 432 non
876 391 1031 444 pinnae
1065 391 1176 431 sicut
1208 389 1310 430 alibi
1342 389 1458 430 fasti-

67 451 221 506 5gium
264 452 352 491 eius
395 450 694 502 distinxerant,
740 450 813 491 sed
858 452 1063 504 perpetua
1103 450 1235 491 lorica
1275 449 1457 490 obducta

102 510 328 551 transitum
364 513 590 563 saepserat.
641 508 789 563 Itaque
821 524 895 549 rex
927 509 1128 550 haerebat
1160 509 1297 564 magis
1331 523 1457 562 quam
1485 518 1526 547 31

103 569 244 610 stabat
280 570 325 611 in
363 569 552 624 margine
596 569 733 622 clipeo
767 568 953 622 undique
986 568 1216 610 incidentia
1248 569 1332 608 tela
1364 581 1458 621 pro-

104 629 294 683 pulsans:
338 643 433 669 nam
466 630 558 681 ipse
592 629 756 668 eminus
790 643 840 668 ex
871 628 1061 669 turribus
1094 627 1338 681 petebatur,
1382 641 1458 668 nec
1487 636 1529 666 3-2

104 688 246 729 subire
273 688 432 728 milites
458 690 669 742 poterant,
696 688 794 741 quia
823 701 1004 741 superne
1030 687 1072 728 vi
1100 687 1282 728 telorum
1313 686 1459 727 obrue-

50 765 83 790 10
105 748 269 788 bantur.
333 747 520 788 Tandem
553 747 893 802 magnitudinem
928 746 1150 801 [telorum]
1180 746 1358 801 periculi
1386 761 1459 800 pu—

104 807 180 848 dor
211 807 331 847 vicit:
366 807 523 861 quippe
551 806 780 847 cernebant
806 807 1077 848 cunctatione
1106 820 1181 846 sua
1208 806 1303 846 dedi
1330 806 1461 846 hosti-

103 866 182 907 bus
215 881 368 921 regem.
427 864 509 906 Sed
541 866 779 906 festinando
813 866 1091 906 morabantur
1124 865 1293 906 auxilia.
1348 864 1460 905 Nam
1488 874 1531 904 33

105 925 205 966 dum
245 940 322 980 pro
357 940 399 966 se
433 926 613 979 quisque
647 928 779 966 certat
812 925 1005 978 evadere,
1047 939 1273 965 oneravere
1308 925 1459 965 scalas:

105 985 200 1039 quis
233 999 318 1025 non
352 984 664 1026 sufficientibus
698 984 887 1025 devoluti
920 984 1087 1024 unicam
1120 999 1237 1038 spem
1265 984 1377 1039 regis
1404 984 1461 1024 fe-

51 1062 83 1086 15
104 1045 315 1086 fellerunt.
392 1043 543 1085 Stabat
588 1044 699 1084 enim
742 1045 786 1084 in
828 1047 1059 1097 conspectu
1100 1044 1209 1084 tanti
1252 1044 1461 1084 exercitus

33 1107 83 1142 19
105 1104 221 1144 velut
263 1104 305 1143 in
349 1102 576 1144 solitudine
619 1103 860 1144 destitutus.
933 1102 1108 1157 lamque
1148 1103 1331 1156 laevam,
1377 1117 1459 1156 qua
1480 1105 1511 1139 V

105 1163 288 1216 clipeum
322 1163 372 1203 ad
407 1163 516 1203 ictus
551 1163 886 1215 circumferebat,
918 1162 1150 1203 lassaverat
1179 1162 1461 1204 clamantibus

106 1223 263 1275 amicis,
295 1225 343 1262 ut
369 1223 422 1263 ad
448 1222 565 1276 ipsos
591 1222 791 1275 desiliret,
824 1222 1076 1274 stabantque
1103 1223 1338 1276 excepturi:
1365 1235 1462 1262 cum

105 1282 178 1323 ille
216 1296 303 1323 rem
345 1296 472 1322 ausus
506 1285 570 1322 est
602 1281 893 1323 incredibilem
927 1284 1055 1335 atque
1087 1281 1321 1322 inauditam
1356 1281 1462 1322 mul-

52 1358 85 1383 20
105 1343 234 1395 toque
275 1342 411 1395 magis
453 1341 505 1381 ad
544 1341 703 1381 famam
746 1342 998 1382 temeritatis
1041 1355 1168 1394 quam
1208 1341 1369 1395 gloriae
1401 1340 1461 1380 in-

105 1400 280 1454 signem.
331 1399 529 1454 Namque
562 1400 604 1440 in
638 1401 785 1441 urbem
818 1400 1010 1441 hostium
1038 1400 1208 1453 plenam
1236 1399 1462 1454 praecipiti
1489 1410 1508 1439 ⁵2

106 1459 217 1499 saltu
251 1463 383 1500 semet
416 1460 510 1513 ipse
541 1459 717 1513 inmisit,
751 1473 846 1500 cum
873 1460 944 1500 vix
972 1473 1142 1513 sperare
1168 1462 1315 1513 posset
1342 1459 1461 1499 dimi—

107 1521 272 1559 cantem
306 1521 417 1559 certe
451 1522 492 1560 et
523 1534 609 1560 non
642 1519 827 1559 inultum
860 1534 947 1559 esse
981 1519 1252 1560 moriturum:
1287 1518 1462 1572 quippe,

106 1580 333 1631 antequam
376 1578 639 1633 adsurgeret,
684 1579 867 1632 opprimi
913 1581 1081 1631 poterat
1120 1581 1161 1619 et
1200 1579 1295 1631 capi
1328 1578 1449 1618 vivus

51 1654 83 1678 25
107 1635 187 1677 Sed
219 1639 330 1677 forte
362 1638 423 1678 ita
454 1637 681 1678 libraverat
715 1651 886 1692 corpus,
931 1640 978 1677 ut
1012 1653 1054 1678 se
1086 1637 1266 1691 pedibus
1299 1637 1462 1690 excipe·
1490 1647 1509 1676 3

104 1699 187 1737 ret:
227 1697 370 1750 itaque
409 1700 525 1737 stans
558 1697 638 1737 init
669 1712 870 1752 pugnam.
934 1696 1002 1751 Et,
1035 1711 1086 1737 ne
1119 1697 1334 1738 circumiri
1367 1710 1462 1749 pos-

104 1758 191 1808 set,
234 1756 407 1796 fortuna
444 1757 697 1810 providerat.
777 1755 954 1797 Vetusta
995 1756 1120 1797 arbor
1164 1756 1279 1796 haud
1311 1756 1462 1809 procul
1489 1767 1509 1796 4

103 1829 225 1856 muro
258 1829 398 1856 ramos
431 1815 566 1855 multa
597 1815 746 1856 froude
780 1816 978 1869 vestitos,
1020 1815 1137 1856 velut
1170 1815 1220 1855 de
1253 1815 1462 1855 industria

103 1888 247 1929 regem
275 1877 560 1929 protegenteS,
587 1875 816 1916 obiecerat:
843 1875 970 1915 huius
999 1875 1189 1928 spatioso
1216 1875 1353 1928 stipiti
1374 1888 1462 1914 cor-

51 1950 83 1975 so
105 1948 197 1986 pus,
229 1948 282 1974 110
315 1934 527 1974 circumiri
559 1937 715 1988 posset,
748 1934 953 1988 adplicuit
986 1934 1121 1988 clipeo
1149 1933 1245 1987 tela,
1278 1948 1385 1987 quae
1412 1948 1463 1974 ex

204 2030 223 2060 5
246 2026 509 2072 distinxerant]
525 2026 795 2060 distincxerant
808 2031 846 2060 V.
919 2031 936 2060 7
955 2027 1090 2072 clipeo]
1107 2026 1238 2071 clypeo
1253 2030 1279 2059 B
1297 2038 1407 2070 mpr.
1424 2030 1461 2059 P.

103 2076 124 2107 8
152 2074 233 2117 ipse
258 2075 406 2117 scripsi:
440 2074 581 2117 ubique
607 2079 646 2115 c,
679 2074 744 2107 ubi
771 2079 805 2108 P.
952 2074 1165 2119 petebatur]
1199 2074 1399 2118 patebatur
1425 2077 1460 2106 P.

107 2124 150 2154 10
177 2120 365 2166 [telorum]
387 2122 453 2156 del.
474 2122 690 2156 Frobemus.
769 2126 810 2155 16
832 2121 946 2167 velut]
972 2121 1085 2156 uelud
1105 2126 1141 2155 P.
1219 2126 1259 2155 17
1283 2121 1459 2166 clipeum]

106 2167 276 2212 clypeum
296 2172 322 2201 B
342 2181 386 2203 m.
403 2180 462 2213 pr.
483 2173 550 2202 LP.
643 2172 683 2202 18
705 2169 888 2215 desiliret]
911 2169 1086 2204 desileret
1106 2173 1130 2201 L
1156 2181 1198 2203 m.
1214 2181 1272 2213 pr.
1294 2172 1320 2201 P
1342 2180 1383 2202 m.
1402 2180 1458 2212 pr.

106 2218 149 2247 ⁵20
171 2215 296 2260 quam]
318 2227 384 2250 om.
405 2220 430 2249 P
450 2228 494 2250 m.
510 2228 569 2260 pr.
682 2220 725 2250 24
747 2217 924 2262 opprimi]
952 2216 1086 2260 oprimi
1125 2221 1161 2250 P.
1271 2220 1313 2249 -25
1347 2215 1460 2249 libra-

104 2262 221 2307 verat]
261 2262 489 2297 liberauerat
523 2267 549 2296 B
579 2276 623 2298 m.
651 2276 708 2307 pr.
735 2268 760 2297 P
795 2276 837 2298 m.
862 2276 922 2307 pr.
1070 2268 1113 2297 ‘26
1152 2265 1279 2307 posset
1318 2264 1460 2298 Lauer:

105 2309 223 2353 possit
261 2313 300 2343 A.
434 2314 476 2344 27
517 2311 641 2356 arbor]
681 2311 810 2345 arbore.
848 2315 888 2345 V.
1036 2315 1078 2345 ‘28
1119 2311 1233 2356 velut]
1273 2310 1384 2344 uelud
1424 2314 1459 2344 P.

107 2360 150 2390 30
177 2356 296 2400 clipeo
321 2361 354 2390 1:
384 2357 514 2401 clypeo
540 2360 566 2390 B
589 2370 630 2392 m.
647 2370 706 2402 pr.
727 2362 839 2400 LPV,
866 2358 992 2402 clepeo
1019 2362 1045 2391 F
1067 2371 1107 2392 m.
1126 2370 1184 2402 pr.
