1610 2522
343 111 679 145 HISTORIARUM
707 109 989 145 ALEXANDRI
1017 110 1126 152 VHH,
1154 116 1186 144 ὅ.
1358 109 1444 150 339

87 220 232 262 Sambi
277 220 390 275 regis
434 220 540 260 fines
580 219 796 275 ingressus
836 222 899 259 est
932 218 1163 272 multisque
1197 218 1367 273 oppidis
1400 219 1443 259 in

85 280 212 320 fideni
246 279 430 333 acceptis
463 279 770 320 validissimam
803 278 944 333 gentis
978 278 1123 319 urbem
1157 277 1353 319 cuniculo
1381 291 1443 318 ce-

86 340 160 394 pit.
224 339 424 380 Barbaris
464 339 601 379 simile
641 339 824 380 monstri
857 338 995 379 visuin
1031 340 1092 378 est
1124 337 1302 378 rudibus
1335 338 1443 378 mili—
1474 348 1514 377 14

86 399 240 440 tarium
287 413 482 453 operum:
526 398 684 452 quippe
729 399 772 438 in
819 397 956 438 media
988 397 1121 437 ferme
1154 396 1257 437 urbe
1290 397 1442 437 armati

51 461 199 500 steri-a
250 458 491 498 existebant
540 459 660 498 nullo
709 457 879 498 suffossi
925 471 1073 510 specus
1119 459 1216 497 ante
1261 456 1442 511 vestigio

86 517 210 558 facto.
275 529 400 557 LXXX
442 517 561 557 milia
593 515 794 557 Indorum
836 517 879 557 in
918 530 966 556 ea
1003 516 1176 571 regione
1210 530 1328 557 caesa
1363 515 1443 556 (Jli-
1473 526 1515 556 15

86 577 260 618 tarchus
293 579 357 617 est
389 578 538 617 auctor
572 577 814 629 multosque
848 576 1043 629 captivos
1077 575 1155 615 sub
1189 589 1345 616 corona
1378 590 1442 616 ve-

85 637 208 677 nisse.
282 636 446 676 Rursus
489 634 697 676 Musicani
744 635 1004 675 defecerunt:
1051 634 1103 675 ad
1147 649 1254 688 quos
1300 636 1443 688 oppri·
1473 645 1514 675 1ss

86 695 261 736 mendos
289 696 444 736 missus
471 697 532 735 est
555 694 726 747 Pithon,
753 695 825 748 qui
853 697 1024 748 captum
1047 694 1281 748 principem
1304 695 1444 749 gentis

32 771 66 797 ιο
86 755 351 808 eundemque
379 754 627 795 defectionis
655 756 872 795 auctorem
899 753 1076 794 adduxit
1097 753 1149 794 ad
1168 768 1322 808 regem.
1351 752 1443 802 Quo

85 814 328 855 Alexander
370 814 415 854 in
446 828 612 854 crucem
659 813 827 854 sublato
867 827 1012 854 rursus
1052 827 1237 866 amnem,
1283 812 1327 854 in
1359 827 1443 866 quo

88 873 262 914 classem
297 875 517 927 expectare
550 887 593 913 se
627 873 817 925 iusserat,
849 872 1014 926 repetit.

177 931 336 982 Quarto
371 932 520 973 deinde
553 932 618 972 die
651 932 835 973 secundo
870 946 992 972 amne
1024 932 1219 985 pervenit
1245 932 1297 972 ad
1325 932 1444 985 oppi-
1473 941 1514 971 17

88 992 200 1045 dum,
234 992 348 1046 quod
380 992 424 1032 in
454 1006 586 1046 regno
620 991 706 1032 imo
735 994 824 1032 erat
845 990 1002 1032 Sambi.
1048 990 1197 1045 Nuper
1219 991 1354 1032 seille
1377 990 1443 1031 de-

33 1069 65 1094 15
87 1051 270 1105 diderat7
314 1051 387 1092 sed
424 1051 627 1105 oppidani
667 1050 960 1091 detrectabant
998 1050 1224 1103 imperium
1258 1053 1299 1090 et
1333 1050 1442 1091 clau—

87 1113 227 1151 serant
272 1113 427 1164 portaS.
509 1110 699 1159 Quorum
743 1111 957 1164 paucitate
1002 1113 1250 1163 contempta
1294 1124 1367 1150 rex
1412 1121 1442 1150 D
1472 1119 1514 1149 18

86 1169 299 1224 Agrianos
331 1170 500 1211 moenia
528 1169 669 1211 subire
697 1171 824 1210 iussit
849 1172 891 1210 et
918 1169 1074 1210 sensim
1100 1169 1343 1210 recedentes
1371 1169 1443 1210 eli-

87 1244 180 1271 cere
221 1232 338 1270 extra
369 1244 513 1270 muros
546 1229 733 1282 hostem,
779 1231 1023 1270 secuturum
1057 1228 1268 1282 profecto⁷
1312 1228 1344 1269 si
1380 1229 1442 1269 fu-

87 1303 184 1343 gere
217 1303 288 1330 eos
322 1289 521 1330 crederet.
586 1288 782 1343 Agriani,
816 1288 925 1329 sicut
956 1289 1212 1342 imperatum
1245 1290 1334 1328 erat
1344 1322 1354 1342 7
1386 1288 1443 1328 la-
1471 1297 1514 1327 19

33 1365 66 1390 20
87 1348 241 1390 0088110
268 1347 391 1389 110810
419 1348 562 1389 81110110
586 1351 705 1403 terga
726 1350 961 1389 verterunt:
989 1362 1095 1401 quos
1116 1347 1286 1387 barbari
1314 1347 1443 1388 effuse

87 1410 310 1460 sequentes
343 1407 388 1448 in
419 1407 543 1461 alios⁷
576 1407 686 1448 inter
719 1421 825 1460 quos
859 1408 947 1461 ipse
980 1422 1052 1448 rex
1085 1410 1191 1457 erat,
1237 1407 1442 1448 incidunt.

86 1466 307 1507 Renovato
347 1481 448 1521 ergo
487 1466 652 1521 proelio
692 1481 741 1507 ex
774 1478 823 1506 111
857 1466 1031 1507 milibus
1070 1466 1349 1507 barbarorum
1382 1477 1443 1507 DC

16 1529 66 1564 33
87 1526 195 1566 caesi
229 1528 338 1578 sunt,
372 1538 403 1565 M
438 1526 564 1580 capti,
596 1526 725 1567 ceteri
752 1525 974 1567 moenibus
1000 1525 1117 1567 urbis
1145 1525 1310 1566 inclusi.
1361 1524 1443 1566 Sed
1470 1536 1514 1566 ‘20

87 1599 173 1625 non
205 1588 252 1625 ut
284 1585 422 1639 prima
455 1586 594 1638 specie
626 1586 738 1626 laeta
769 1585 959 1638 victoria,
995 1585 1055 1626 ita
1087 1588 1240 1626 eventu
1274 1599 1443 1639 quoque

33 1661 65 1686 25
87 1644 186 1684 fuit:
221 1646 380 1698 quippe
412 1644 581 1685 barbari
614 1659 776 1686 veneno
809 1645 1023 1685 tinxerant
1054 1643 1231 1699 gladios.
1294 1643 1444 1698 Itaque

88 1703 220 1744 saucii
247 1703 424 1744 subinde
451 1703 715 1758 expirabant‚
747 1717 825 1745 nec
851 1718 977 1745 causa
1002 1706 1089 1744 tam
1118 1707 1313 1745 strenuae
1333 1718 1443 1744 mor-

87 1763 144 1803 tis
178 1763 409 1817 excogitari
443 1766 611 1817 poterat
644 1779 667 1804 a
698 1763 886 1816 medicis,
919 1778 1014 1804 cum
1049 1763 1177 1803 etiam
1209 1763 1323 1804 leves
1357 1764 1444 1817 pla-

89 1836 165 1876 gae
198 1821 455 1863 insanabiles
488 1825 637 1864 essent.
696 1822 872 1863 Barbari
905 1825 1045 1863 autem
1080 1825 1353 1876 speraverant
1382 1823 1442 1862 in·
1469 1833 1510 1862 21

185 1990 203 2019 2
233 1986 332 2030 cepit
357 1990 390 2019 1:
419 1986 543 2030 coepit
562 1990 601 2020 A.
713 1990 732 2020 5
760 1987 985 2032 existebant]
1013 1985 1198 2020 existebat
1224 1991 1256 2019 O.
1368 1985 1444 2019 suf-

89 2033 178 2067 fossi
198 2038 231 2067 1:
260 2033 388 2067 suffosi
409 2037 447 2066 A.
555 2038 573 2067 6
600 2047 694 2068 Lxxx
714 2034 820 2068 milia
841 2035 1026 2069 Raderus:
1054 2037 1143 2067 ffic‘c
1163 2038 1200 2075 P,
1228 2046 1316 2067 Dccc
1337 2038 1369 2066 c.

90 2079 296 2115 Clitarchus
322 2085 355 2114 1:
393 2081 567 2115 clitarcus
594 2086 633 2123 c,
667 2081 869 2116 clitharcus
895 2085 931 2115 P.
1045 2085 1061 2115 Τ
1091 2081 1175 2126 sub]
1203 2094 1244 2115 811
1271 2085 1294 2113 L
1324 2093 1365 2114 m.
1382 2093 1441 2124 pr.

91 2131 110 2162 9
148 2128 284 2162 Pithon
323 2128 545 2163 Frobenizcs:
586 2129 730 2172 phyton
766 2133 804 2163 A.
955 2133 995 2162 11
1036 2128 1198 2174 amnem]
1237 2129 1369 2162 abnem
1402 2132 1439 2162 V.

91 2178 134 2209 14
171 2186 285 2220 regno
326 2176 399 2209 imo
438 2177 598 2220 Ieepius:
637 2187 792 2221 regnum
830 2180 868 2210 A.
1035 2176 1158 2210 Sambi
1199 2179 1231 2209 1:
1272 2176 1363 2209 sami
1402 2179 1440 2209 A.

92 2227 134 2256 15
161 2223 421 2257 detrectabant
447 2227 485 2256 C:
513 2223 774 2258 detractabant
799 2228 833 2257 P.
948 2223 1174 2269 clauserant]
1202 2223 1385 2257 clauserat
1404 2227 1441 2256 F.

91 2272 134 2303 20
161 2270 284 2315 hoste]
304 2270 409 2304 hosto
430 2273 456 2303 B
484 2283 527 2304 m.
542 2282 600 2314 pr.
695 2275 737 2305 *22
764 2271 1021 2316 barbarorum]
1049 2271 1249 2305 barbarum
1276 2273 1301 2303 B
1324 2283 1365 2304 m.
1382 2282 1441 2314 pr.

91 2321 134 2350 25
161 2317 364 2362 tinxerant]
390 2317 600 2352 tincxerant
618 2322 689 2353 PV.
751 2322 794 2352 26
823 2318 939 2352 saucii
958 2323 990 2351 1:
1019 2318 1110 2353 socii
1130 2322 1168 2351 A.
1234 2321 1277 2350 28
1304 2318 1441 2362 essent]

91 2367 195 2397 erant
221 2367 250 2396 V
274 2376 315 2398 m.
331 2377 389 2408 pr.

1160 2424 1228 2457 22*
