1610 2522
25 765 57 789 10

25 1062 57 1086 15

23 1360 57 1385 20

349 103 682 139 HISTORIARUM
709 103 993 138 ALEXANDRI
1023 103 1096 147 VH,
1126 109 1154 137 1.
1346 104 1431 145 203

76 228 152 254 res.
222 213 314 254 Hoc
363 216 626 254 sacramento
674 213 846 267 pietatis
898 213 1092 254 obstricti
1142 228 1433 254 aversaremur

77 272 250 326 scilicet,
283 286 408 326 quem
441 276 488 313 tu
522 272 718 314 omnibus
750 272 1040 326 praeferebas!
1102 271 1253 327 Igitur,
1286 272 1321 312 si
1350 271 1431 313 hoc

76 333 233 373 crimen
273 335 353 385 est,
391 346 550 386 paucos
586 333 831 373 innocentes
865 332 1013 385 habes,
1052 332 1196 385 immo,
1228 331 1432 379 hercules,

77 391 298 432 neminem.
346 390 502 433 Omnes
536 392 647 432 enim
682 391 879 432 Philotae
911 391 1037 432 amici
1071 405 1160 432 esse
1193 392 1432 443 voluerunt,

78 451 149 492 sed
186 450 387 503 totidem,
427 454 532 504 quot
563 450 765 492 volebant
804 465 910 504 esse,
956 464 1041 491 non
1082 453 1293 504 poterant.
1356 449 1433 504 Ita‚

78 510 112 550 si
146 525 169 550 a
201 510 381 551 consciis
414 510 573 552 amicos
605 525 691 551 non
719 509 885 561 dividis,
917 525 969 550 ne
996 509 1047 550 ab
1081 510 1229 551 amicis
1262 510 1433 563 quidem

77 569 293 623 separabis
327 570 436 623 illos,
470 570 543 624 qui
576 569 686 610 idem
720 584 810 611 esse
843 570 1081 610 voluerunt.
1146 568 1267 618 Quod
1302 569 1434 624 igitur

77 628 362 670 conscientiae
395 629 585 670 adfertur
616 628 850 670 indicium?
881 628 941 670 Ut
975 628 1139 682 opinor,
1172 628 1271 683 quia
1298 628 1434 682 pridie

77 688 345 729 familiariter
378 692 419 729 et
451 688 542 729 sine
574 688 746 729 arbitris
778 690 948 730 locutus
982 691 1046 728 est
1076 687 1313 730 nobiscum.
1377 687 1435 728 At

78 762 156 803 ego
189 762 373 803 purgare
404 762 490 788 non
521 762 702 802 possem,
736 749 771 788 si
803 747 940 801 pridie
968 748 1195 801 quicquam
1223 762 1273 788 ex
1294 750 1434 788 vetere

79 809 166 848 vita
204 821 251 848 ac
290 822 406 848 more
445 810 685 848 mutassem.
749 806 875 848 Nunc
907 821 1024 857 vero,
1059 808 1110 860 si,
1155 809 1203 848 ut
1236 807 1434 848 omnibus

78 865 244 919 diebus,
284 866 357 907 illo
392 881 580 921 quoque,
621 867 693 920 qui
727 869 949 920 suspectus
982 868 1063 920 est,
1107 866 1304 920 fecimus,
1338 881 1435 908 con-

79 925 258 966 suetudo
293 925 426 966 diluet
465 926 633 967 crimen.
698 925 780 967 Sed
814 940 944 980 equos
978 925 1217 979 Antiphani
1249 940 1336 967 non
1369 925 1435 966 de⁴

79 986 230 1039 dimus,
262 988 304 1025 et
323 985 472 1039 pridie,
499 1000 623 1039 quam
653 985 845 1027 Philotas
873 985 1061 1026 detectus
1095 988 1168 1026 est.
1220 984 1303 1026 Hic
1328 985 1435 1026 mihi

79 1058 174 1085 cum
207 1044 454 1098 Antiphane
495 1059 561 1085 res
600 1044 690 1085 erit.
755 1043 836 1093 Qui
870 1045 904 1085 si
936 1059 1015 1086 nos
1048 1048 1267 1099 suspectos
1298 1045 1435 1086 facere

78 1105 182 1156 vult,
215 1104 329 1157 quod
361 1103 436 1145 illo
479 1104 544 1145 die
577 1118 708 1158 equos
740 1118 826 1145 non
861 1104 1114 1154 dederimus,
1148 1105 1437 1158 semetipsum,

79 1163 193 1217 quod
226 1177 297 1204 eos
341 1163 658 1214 desideraverit,
699 1178 883 1218 purgare
914 1178 1001 1204 non
1033 1165 1202 1217 poterit.
1266 1163 1435 1218 Anceps

79 1222 191 1263 enim
232 1224 393 1264 crimen
431 1225 494 1264 est
538 1223 650 1264 inter
685 1223 941 1265 retinentem
981 1225 1022 1263 et
1054 1223 1314 1278 exigentem,
1352 1223 1433 1263 nisi

81 1282 195 1336 quod
233 1281 385 1323 melior
417 1286 481 1323 est
513 1296 640 1323 causa
678 1298 800 1323 suum
839 1297 926 1323 non
958 1282 1164 1324 tradentis
1204 1297 1330 1336 quam
1364 1296 1435 1336 po-

79 1341 234 1382 scentis
276 1341 472 1382 alienum.
537 1340 751 1395 Ceterum,
790 1357 885 1394 rex,
930 1356 1061 1396 equos
1101 1342 1244 1383 decem
1287 1342 1435 1382 habui:

79 1416 99 1441 e
151 1400 305 1454 quibus
345 1400 616 1455 Antiphanes
657 1404 754 1443 octo
799 1401 884 1441 iam
924 1401 1197 1443 distribuerat
1246 1401 1318 1453 iis,
1364 1402 1436 1454 qui

78 1461 309 1500 amiserant
360 1475 482 1513 suos,
526 1461 700 1501 omnino
746 1461 850 1501 duos
899 1461 989 1515 ipse
1042 1460 1269 1502 habebam:
1331 1475 1436 1514 quos

79 1534 174 1560 cum
244 1519 370 1560 vellet
436 1520 641 1561 abducere
709 1519 838 1561 homo
911 1520 1260 1574 superbissimus,
1324 1523 1437 1562 certe

80 1578 396 1632 iniquissimus.
433 1580 516 1620 nisi
549 1579 676 1633 pedes
715 1579 899 1620 militare
938 1579 1112 1632 vellem,
1151 1580 1334 1620 retinere
1368 1593 1437 1620 co-

25 1657 55 1680 -2·
81 1637 221 1690 gebar.
283 1637 372 1678 Nec
419 1638 577 1680 infitias
629 1653 696 1692 eo,
740 1638 863 1680 liberi
908 1639 1095 1680 hominis
1138 1639 1280 1680 animo
1322 1638 1437 1680 locu-
1466 1651 1508 1677 ⁴3

178 1747 195 1776 1
224 1753 478 1777 aversaremur
499 1744 668 1778 fllodz'us:
697 1743 981 1778 obuersaremur
1001 1747 1038 1777 A.
1140 1748 1158 1777 3
1187 1744 1341 1789 crimen]
1370 1744 1439 1777 cri-

81 1802 178 1824 mem
204 1794 240 1824 L.
315 1790 445 1835 immo]
472 1790 611 1825 himmo
637 1794 674 1825 P.
755 1790 924 1825 hercules
950 1795 991 1825 P:
1019 1791 1170 1826 hercule
1191 1796 1224 1825 C.
1305 1796 1326 1825 4
1352 1791 1437 1824 Phi-

81 1837 196 1883 lotae]
216 1837 394 1882 phylotae
418 1841 526 1871 BLV.
626 1843 645 1871 5
674 1840 765 1882 quot
784 1842 817 1872 1:
846 1839 946 1882 quod
966 1842 1005 1872 A.
1105 1843 1124 1872 6
1153 1838 1326 1884 consciis]
1354 1849 1436 1872 con-

82 1885 149 1919 ciis
169 1889 204 1918 P.
315 1885 377 1931 ne]
397 1896 464 1919 nec
485 1889 517 1918 C.
635 1890 654 1920 8
682 1885 879 1932 indicium]
906 1886 1084 1920 inditium
1103 1890 1173 1920 ΕΙ..
1293 1890 1310 1919 9
1340 1886 1437 1920 arbi-

81 1932 164 1978 tris]
192 1931 357 1966 arbitriis
383 1935 420 1970 B,
448 1932 579 1967 arbitri
605 1937 645 1966 V.
747 1938 787 1966 11
817 1934 859 1975 si,
887 1936 928 1967 ut
953 1937 986 1967 1:
1021 1934 1118 1968 sicut
1143 1937 1182 1967 A.
1283 1937 1326 1967 14
1353 1933 1437 1966 Phi-

82 1980 195 2025 lotas]
221 1980 396 2024 phylotas
423 1983 529 2013 BLV.
676 1980 745 2014 Hic
772 1985 813 2015 P:
841 1981 933 2015 haec
960 1986 992 2015 c.
1135 1985 1178 2015 15
1205 1980 1437 2026 Antiphane]

83 2027 288 2071 anthipane
313 2031 349 2061 P.
496 2027 565 2062 erit
591 2031 632 2061 P:
668 2029 747 2062 erat
780 2032 812 2063 c.
960 2032 1002 2063 18
1037 2029 1191 2074 crimen]
1224 2028 1375 2062 crimem
1401 2032 1437 2062 L.

86 2077 127 2108 19
154 2075 353 2121 tradentis]
386 2075 577 2109 tradentes
609 2079 635 2108 P
662 2088 705 2110 m.
729 2088 785 2119 pr.
916 2080 960 2111 20
986 2076 1101 2110 habui
1128 2080 1157 2109 V
1183 2087 1290 2111 ceren:
1324 2076 1439 2109 habui

83 2121 203 2156 habeo
229 2126 273 2163 F,
301 2122 390 2156 abui
417 2122 508 2157 abeo
534 2126 571 2165 L,
601 2122 721 2157 habeo
747 2126 815 2157 BP.
917 2128 959 2157 ’21
987 2123 1237 2169 Antiphanes]
1265 2123 1438 2167 anthipa-

83 2179 149 2202 nes
175 2172 210 2202 P.
317 2170 416 2215 octo]
442 2183 523 2203 vnn
549 2174 585 2203 P.
689 2170 735 2204 iis
762 2175 802 2204 P:
830 2171 887 2204 his
915 2175 947 2205 G.
1054 2175 1096 2204 22³
1125 2171 1232 2216 duos]
1261 2184 1307 2204 -Π-
1336 2174 1372 2212 P,
1402 2172 1436 2204 iv)

83 2220 110 2248 F
136 2228 226 2250 eras.
346 2221 389 2250 ‘23
417 2229 497 2252 cere
523 2217 649 2262 homo]
676 2219 760 2251 hinc
788 2219 896 2262 incip.
922 2219 1165 2264 fraymentum
1194 2219 1438 2253 Einsz'dlense.

86 2266 129 2296 24
155 2263 411 2307 iniquissimus
433 2268 498 2297 EV
521 2277 562 2299 m.
583 2276 666 2299 sec:
694 2265 928 2308 iniquissime
956 2270 977 2298 C
1005 2267 1059 2311 [in
1080 2270 1138 2298 FL
1159 2266 1243 2300 add.
1271 2266 1309 2299 in
1343 2278 1440 2300 mar-

83 2311 168 2355 yc'ne
193 2310 253 2344 uel
278 2311 567 2357 iniquissimus],
599 2312 825 2355 iniquissimi
845 2317 880 2346 P.
990 2318 1033 2347 ‘25
1061 2313 1217 2358 infit-ias]
1244 2312 1388 2346 inficias
1415 2317 1440 2345 L

88 2370 129 2391 m.
147 2370 205 2402 pr.
227 2361 266 2401 V,
292 2358 436 2392 inficiar
461 2363 499 2392 E.
599 2359 782 2405 locutum]
808 2360 1004 2403 loquutnm
1031 2364 1068 2395 F.

1459 284 1503 313 :30

1462 580 1503 610 31

1463 936 1505 965 32

1464 1352 1508 1382 34
