1610 2522
102 835 122 863 6

104 1013 122 1042 7

103 1134 122 1161 >5

82 1491 125 1520 10

149 120 235 162 21?
653 118 694 161 Q.
722 118 865 153 crim
893 119 1004 153 RUFI

239 229 404 270 Relicto
432 229 593 281 deinde,
627 229 697 283 qui
729 229 778 269 iis
805 231 1030 282 praeesset,
1059 228 1266 270 Amedine
1290 254 1343 258 —-
1365 229 1504 271 scriba

148 290 183 330 is
218 289 341 330 Darei
378 289 516 329 fuerat
551 313 604 317 ——
640 288 910 339 Arachosios,
946 302 1126 342 quorum
1160 288 1278 343 regio
1312 288 1362 329 ad
1397 287 1504 329 Pon-

147 349 279 390 ticum
314 363 428 389 mare
462 348 666 402 pertinet,
709 347 890 403 subegit.
954 346 1015 388 Ibi
1052 348 1280 400 exercitus,
1321 347 1390 402 qui
1426 346 1503 389 sub

146 407 428 449 Parmenione
472 407 629 460 fuerat,
675 407 870 447 occurrit.
943 406 1023 448 Sex
1068 406 1185 447 milia
1226 406 1503 448 Macedonum

147 470 268 508 erant
299 470 341 508 et
374 477 428 508 CC
456 466 620 507 nobiles
653 469 693 506 et
729 479 754 505 v
788 465 905 507 milia
933 465 1191 507 Graecorum
1225 480 1319 508 cum
1353 467 1505 521 equiti-
1545 484 1559 506 .·,

149 527 230 567 bus
278 537 356 579 DC,
405 525 519 566 haud
571 526 697 566 dubie
749 525 880 567 robur
931 526 1120 566 omnium
1174 525 1330 566 virium
1382 526 1504 581 regis.

149 585 395 628 Arachosiis
429 584 551 626 datus
592 584 747 626 Menon
786 587 957 639 praetor
997 596 1062 625 1111
1101 584 1275 626 milibus
1313 585 1504 639 peditum

149 649 189 687 et
224 656 284 686 DC
317 645 534 699 equitibus
568 644 611 685 in
643 644 901 698 praesidium
935 643 1107 685 relictis.

237 704 333 759 Ipse
366 719 439 745 rex
472 703 687 745 nationem
717 718 768 744 nc
795 703 990 744 finitimis
1019 703 1188 757 quidem
1218 703 1321 744 satis
1348 706 1507 757 notam,
1529 706 1578 742 12

152 765 312 819 quippe
352 765 470 804 nullo
511 763 763 804 commercio
798 763 1003 804 colentem
1040 765 1212 804 mutuos
1246 777 1364 816 usus,
1409 776 1506 804 cum
1529 782 1561 804 10

150 824 338 865 exercitu
381 823 567 864 intravit.
633 822 968 876 Parapanisadae
1007 824 1295 876 appellantur,
1341 825 1507 877 agreste

148 884 373 925 hominum
407 896 541 937 genus
574 885 615 923 et
648 883 759 922 inter
788 882 992 923 barbaros
1020 881 1202 922 maxime
1229 881 1507 923 inconditum.

148 942 362 984 Locorum
390 942 596 996 asperitas
624 941 846 982 hominum
874 956 1044 995 quoque
1072 940 1243 996 ingenia
1271 940 1507 982 duraverat.

152 1001 472 1043 Gelidissimum
507 1001 811 1055 septentrionis
844 1015 963 1041 axem
988 1016 1037 1041 ex
1066 1015 1221 1056 magna
1247 1003 1367 1054 parte
1395 1014 1507 1054 spec-

150 1065 255 1112 tant,
287 1060 526 1101 Bactrianis
561 1060 857 1106 aboccidente
886 1059 1101 1101 coniuncti
1131 1062 1242 1113 sunt,
1276 1059 1508 1101 meridiana
1530 1078 1561 1102 ιε,

150 1121 268 1176 regio
308 1121 359 1161 ad
399 1134 513 1161 mare
547 1119 740 1160 Indicum
782 1119 929 1174 vergit.
992 1118 1182 1174 Tuguria
1213 1120 1344 1160 latere
1378 1119 1508 1161 crudo

151 1183 324 1222 struunt
369 1183 427 1232 et,
470 1179 569 1234 quia
614 1179 772 1220 sterilis
815 1182 879 1220 est
916 1181 1027 1220 terra
1070 1178 1247 1219 materia
1281 1178 1362 1234 [in]
1395 1178 1508 1219 nudo

151 1241 275 1282 etiam
319 1239 476 1281 montis
518 1239 662 1292 dorso,
708 1253 840 1293 usque
879 1238 929 1279 ad
969 1253 1182 1279 summum
1217 1238 1509 1279 aedificiorum

151 1300 370 1355 fastigium
407 1298 553 1339 eodem
587 1297 792 1339 laterculo
826 1300 1017 1338 utuntur.
1070 1296 1266 1338 Ceterum
1297 1300 1509 1339 structura

150 1360 280 1401 latior
325 1359 377 1399 ab
423 1359 507 1399 imo
554 1357 760 1412 paulatim
807 1358 1067 1399 incremento
1114 1357 1254 1412 operis
1293 1357 1335 1397 in
1375 1356 1544 1398 artius-2

152 1419 338 1474 cogitur,
383 1418 434 1458 ad
473 1418 672 1458 ultimum
714 1418 759 1458 in
793 1416 956 1457 carinae
990 1417 1173 1457 maxime
1205 1416 1377 1457 modum
1412 1416 1509 1457 coit.

152 1478 214 1520 Ibi
256 1478 463 1518 foramine
503 1476 652 1518 relicto
693 1491 873 1530 superne
904 1476 1048 1517 lumen
1081 1475 1325 1517 admittunt.
1388 1474 1509 1516 Vites

250 1576 265 1604 1
295 1570 359 1614 qui
386 1570 447 1615 iis]
476 1570 539 1614 qui
568 1570 596 1603 is
624 1573 667 1611 F,
695 1569 777 1612 quis
803 1573 841 1602 V.
943 1568 1138 1613 Amedine]
1167 1569 1377 1603 amedinem
1405 1572 1437 1602 C.

153 1619 276 1653 scriba
301 1618 349 1663 is]
377 1618 517 1652 scribas
544 1621 623 1658 Fv,
651 1616 803 1651 scribeis
830 1620 865 1650 P.
966 1620 984 1649 ‘2
1013 1616 1234 1650 Arachosios
1261 1616 1393 1651 Aldus:
1429 1626 1510 1650 ara-

153 1666 270 1701 cosios
299 1669 337 1698 A.
419 1665 482 1711 ad]
511 1677 531 1699 a
557 1668 597 1697 V.
683 1668 701 1697 3
730 1663 895 1710 subegit]
923 1664 1053 1708 subegi
1079 1667 1117 1697 V,
1203 1668 1224 1697 4
1250 1663 1508 1710 Parmenione]

151 1713 416 1759 parmoenione
442 1715 478 1746 B.
555 1712 714 1746 occurrit
739 1715 780 1745 L:
809 1711 1007 1756 occupauit
1032 1714 1124 1744 BFL
1154 1722 1263 1756 mary.
1285 1714 1358 1754 Pv,
1383 1711 1445 1745 sed
1470 1711 1510 1744 in

154 1765 217 1794 FV
244 1772 334 1795 corr.
363 1761 447 1795 add.
477 1761 512 1793 in
544 1760 703 1805 maryine
730 1759 899 1793 occurrit.
1008 1763 1028 1792 5
1056 1770 1139 1792 cum
1167 1758 1355 1802 equitibus
1382 1769 1448 1792 om.
1469 1761 1508 1791 V.

154 1814 173 1842 6
201 1809 261 1854 Do]
290 1812 334 1842 iTc
362 1812 396 1842 P.
490 1807 606 1853 haud]
635 1810 699 1840 aut
725 1810 753 1839 V
776 1819 817 1840 m.
836 1819 892 1850 pr.
987 1806 1112 1851 robur]
1139 1806 1249 1840 robor
1273 1810 1308 1839 P.
1408 1809 1426 1838 7
1454 1818 1510 1839 1111

153 1855 304 1890 milibus
318 1856 489 1900 peditum
503 1859 535 1888 1:
561 1867 616 1888 1111
631 1868 650 1887 n
672 1855 841 1899 peditum
861 1857 973 1897 BFL,
993 1858 1048 1888 ffu
1060 1853 1082 1887 b
1099 1854 1266 1898 peditum
1281 1857 1316 1895 P,
1333 1854 1510 1898 quattuor

152 1904 324 1948 peditum
346 1916 365 1936 B
392 1907 430 1936 V.
579 1906 598 1936 8
626 1915 670 1935 Dc
697 1906 730 1935 1:
776 1906 821 1936 1>-c
854 1905 892 1935 A.
1041 1905 1059 1935 9
1093 1901 1276 1946 finitimis]
1315 1900 1440 1934 fitimis
1473 1904 1508 1933 P.

157 1957 198 1985 10
232 1951 468 1995 commercio]
503 1949 718 1983 commertio
751 1953 858 1983 FPV.
988 1948 1170 1983 colentem
1205 1947 1412 1983 Acidaliae:
1447 1959 1511 1981 uo-

153 1999 293 2033 lentem
315 2003 347 2040 Ο,
376 1997 565 2031 uolantem
585 2001 620 2031 P.
698 1997 858 2042 mutuos]
881 1999 921 2029 ut
943 2007 1006 2031 uos
1026 2000 1062 2029 P.
1142 2001 1180 2029 11
1211 1995 1510 2039 Parapanisadae

152 2047 299 2091 scripsi:
334 2044 655 2090 paramedesidcm
685 2047 723 2078 A.
832 2048 872 2077 12
906 2043 1097 2078 hominum
1130 2055 1194 2077 om.
1226 2046 1264 2076 V.
1366 2046 1408 2075 13
1441 2042 1509 2076 Lo-

155 2094 296 2139 corum]
325 2094 489 2127 iocorum
516 2095 555 2126 V.
681 2096 719 2124 14
748 2093 920 2136 spectant
945 2095 977 2124 1:
1007 2092 1203 2135 expectant
1234 2093 1271 2124 A.
1395 2094 1436 2123 15
1464 2089 1510 2124 ab

155 2141 348 2175 occidente
374 2144 416 2173 P:
458 2140 504 2174 ad
545 2139 774 2173 occidentem
809 2143 840 2172 C.
971 2143 1012 2172 16
1046 2138 1213 2171 Indicum
1244 2141 1275 2170 1:
1315 2137 1440 2171 indic-u
1469 2140 1510 2179 V,

155 2189 307 2222 indic*u
328 2192 363 2229 L,
391 2187 528 2221 indici*
550 2190 587 2229 Β,
615 2186 753 2220 indicio
773 2190 809 2228 P,
836 2186 971 2220 inditio
991 2189 1018 2219 F
1037 2198 1080 2220 m.
1098 2197 1156 2229 pr.
1233 2185 1345 2218 vrudo
1365 2185 1509 2228 scripsi:

155 2236 274 2280 primo
297 2239 332 2268 A,
414 2239 453 2268 1ῖ
476 2234 545 2281 [in]
566 2234 631 2268 del.
647 2234 864 2269 Frobemssus.
942 2236 983 2266 18
1004 2233 1139 2267 montis
1163 2232 1302 2266 Laws:
1325 2235 1449 2266 monte
1471 2234 1508 2264 A.

157 2286 200 2317 20
234 2284 365 2328 artius]
403 2283 523 2316 arcius
556 2285 660 2315 LPV.
810 2285 849 2315 ‘21
891 2281 1050 2325 cogitur}
1090 2280 1234 2325 cogitus
1261 2284 1285 2312 L
1317 2292 1358 2313 m.
1386 2291 1443 2323 pr.
1470 2282 1509 2313 V.

157 2334 200 2364 22
229 2331 422 2366 foraminel
453 2329 632 2364 faromine
660 2333 694 2362 P.
804 2329 977 2373 superne]
1007 2338 1144 2371 supene
1171 2331 1206 2362 P.
1306 2327 1511 2360 admittunt

413 2367 423 2375 A

157 2378 366 2422 Zamptms:
396 2377 606 2411 adinedium
636 2380 673 2410 A.
774 2376 892 2422 Vites]
920 2376 1015 2409 uitas
1043 2379 1076 2408 P.
