1610 2522
31 754 62 779 10

30 1051 61 1076 15

30 1350 62 1374 20

39 1574 61 1608 3

30 1646 61 1671 25

363 88 692 124 HISTORIARUM
725 87 1006 122 ALEXANnffl
1033 87 1091 127 ΠΙ,
1122 91 1149 121 1.
1403 88 1429 125 ἶ)

85 200 378 256 ‹rustissimum
401 198 527 240 Asiae
555 199 739 253 spatium
768 212 857 239 esse
884 197 1156 263 conperimus
1177 199 1358 250 utroque
1387 196 1429 237 in

85 263 195 302 art-as
228 260 370 301 fauces
398 258 661 312 conpellente
689 261 854 298 teriam.
919 257 1034 307 Quae
1067 256 1165 311 quia
1193 255 1426 297 continenti

85 320 294 373 adhaeret,
316 319 388 360 sed
409 333 564 369 maona
590 333 639 360 ex
660 323 775 372 parte
798 317 983 371 cingitur
1003 316 1218 369 fluctibus,
1245 315 1426 370 speciem

85 379 243 420 msulae
270 378 444 433 praebet
477 393 536 431 ac,
570 378 651 418 nisi
684 380 810 418 tenue
837 376 1062 418 discrimen
1090 376 1288 428 obiceret,
1321 389 1427 429 quae

84 453 195 480 nunc
233 438 385 479 dividit
417 438 567 491 maria,
608 437 903 479 committeret.
966 435 1209 477 Alexander
1240 434 1344 475 urbe
1386 435 1427 475 in

84 498 292 539 dicionem
331 513 449 539 suam
490 497 659 538 redacta
696 496 804 538 lovis
845 495 1049 550 templum
1096 496 1236 536 intrat.
1301 493 1427 534 Vehi-

83 558 238 611 culum,
271 572 354 612 quo
383 556 603 611 Gordium,
635 556 773 597 Midae
798 558 976 610 patrem,
1008 558 1177 596 vectum
1211 568 1299 595 esse
1333 568 1428 595 con-

83 617 233 670 stabat,
261 617 426 672 aspexit
453 617 569 658 cultu
593 615 705 658 haud
733 630 831 657 sane
859 631 882 656 a
908 615 1131 657 vilioribus
1159 614 1428 669 vulgatisque

83 692 162 718 usu
195 676 435 718 abhorrens.
500 675 701 718 Notabile
734 678 823 716 erat
855 675 1001 730 iugum
1036 674 1285 715 adstrictum
1319 687 1428 714 com-

83 736 277 790 pluribus
320 737 442 778 nodis
484 736 528 776 in
567 736 817 789 semetipsos
856 735 1070 789 inplicatis
1112 737 1154 775 et
1192 733 1428 775 celantibus

82 811 227 837 nexus.
280 795 435 836 Incolis
457 795 605 837 deinde
621 795 944 836 adfirmantibus
967 794 1122 836 editam
1146 808 1235 834 esse
1256 793 1428 834 oraculo

83 858 258 909 sortem,
300 854 426 897 Asiae
465 855 723 909 potiturum,
763 854 835 908 qui
874 853 1173 908 inexplicabile
1212 852 1426 893 vinculum

84 914 292 968 solvisset,
331 914 483 969 cupido
518 914 690 956 incessit
722 915 862 955 animo
903 914 1029 955 sortis
1063 914 1153 954 eius
1186 912 1428 967 explendae.

83 973 203 1016 Circa
242 989 383 1029 regem
421 977 510 1015 erat
549 978 589 1015 et
628 973 847 1029 Phrygum
886 973 1012 1014 turba
1056 975 1097 1014 et
1135 972 1429 1025 Macedonum,

84 1034 155 1075 illa
189 1033 482 1089 expectatione
516 1048 730 1088 suspensa,
769 1033 873 1074 haec
907 1032 1091 1074 sollicita
1123 1047 1173 1073 ex
1205 1032 1430 1072 temeraria

84 1093 195 1149 regis
221 1093 391 1135 fiducia:
427 1093 584 1148 quippe
611 1093 716 1134 serie
742 1094 1009 1135 vinculorum
1039 1093 1096 1133 ita
1124 1091 1338 1145 adstricta,
1370 1093 1429 1144 ut,

84 1153 192 1194 unde
231 1168 363 1194 nexus
402 1153 608 1220 inciperet
645 1168 782 1207 quove
820 1168 863 1194 se
897 1153 1112 1206 conderet,
1149 1166 1226 1193 nec
1263 1151 1429 1192 ratione

82 1228 158 1254 nec
196 1213 291 1254 visu
332 1213 513 1279 perspici
555 1215 717 1267 posset,
760 1213 922 1254 solveie
965 1212 1188 1267 adgressus
1228 1211 1428 1252 iniecerat

83 1286 226 1314 curam
272 1272 321 1324 ei,
364 1287 416 1314 ne
461 1273 503 1313 in
547 1287 671 1314 omen
712 1275 947 1314 verteretur
988 1272 1157 1312 irritum
1200 1271 1427 1324 inceptum.

83 1331 158 1373 Ille
199 1347 463 1386 nequaquam
514 1332 586 1373 diu
633 1333 818 1373 luctatus
867 1346 962 1374 cum
1004 1330 1237 1372 latentibus
1286 1330 1428 1371 nodis:

84 1391 248 1446 ‘Nihil',
273 1392 425 1446 inquit,
453 1392 656 1445 ‘inter-est,
684 1391 896 1445 quomodo
924 1389 1172 1443 solvantur’,
1202 1389 1429 1445 gladioque

82 1450 219 1505 ruptis
252 1451 448 1492 omnibus
481 1451 583 1492 loris
617 1451 775 1492 oraculi
806 1454 963 1492 sortem
997 1452 1064 1492 vel
1096 1449 1222 1491 elusit
1255 1449 1321 1490 vel
1353 1448 1428 1489 im-

83 1510 226 1564 plevit.

173 1569 278 1611 Cum
324 1570 472 1611 deinde
517 1570 714 1624 Dareum,
758 1569 1015 1623 ubicumque
1061 1571 1181 1616 esset,
1223 1582 1428 1622 occupare

82 1630 312 1682 statuisset,
351 1632 398 1670 ut
443 1645 465 1670 a
503 1632 623 1685 tergo
663 1632 754 1670 tuta
793 1629 1069 1684 relinqueret,
1114 1628 1427 1682 Amphoterum

84 1687 204 1730 classi
251 1689 303 1730 ad
345 1704 460 1730 oram
506 1689 792 1744 Hellesponti,
843 1689 978 1743 copiis
1030 1690 1170 1729 autem
1223 1687 1429 1742 praefecit

82 1747 393 1804 Hegelochum,
437 1748 621 1790 Lesbum
664 1752 705 1790 et
747 1748 900 1790 Chium
943 1747 1161 1801 Coumque
1204 1746 1428 1801 praesidiis

81 1808 270 1848 hostium
297 1808 564 1850 liberaturos.
628 1807 707 1849 His
740 1808 899 1849 talenta
932 1808 983 1849 ad
1016 1807 1117 1848 belli
1149 1822 1273 1848 usum
1307 1807 1427 1860 qnin-

177 1929 195 1958 2
223 1925 444 1971 continenti]
478 1926 690 1959 contenenti
716 1929 750 1958 P.
859 1930 878 1958 τ’)
907 1925 1170 1971 committeret]
1197 1924 1429 1959 commiteret

83 1975 152 2006 PV.
253 1977 270 2005 ἵ
299 1972 476 2006 Gordium
504 1975 642 2008 Laner:
671 1973 837 2007 cordium
863 1976 901 2006 A.
1006 1977 1044 2006 11
1075 1973 1213 2007 editam
1238 1976 1264 2005 P
1290 1985 1333 2006 m.
1350 1983 1426 2016 pr:

82 2019 224 2053 editum
251 2024 282 2053 C.
406 2025 447 2054 12
476 2021 677 2066 vinculum]
709 2021 873 2054 uinclum
904 2024 976 2054 PV.
1100 2024 1142 2054 15
1169 2019 1428 2064 expectatione

83 2067 217 2102 Aldus:
246 2068 493 2113 explicatione
519 2072 558 2101 A.
681 2069 738 2114 ex]
763 2069 800 2103 et
820 2072 844 2100 P
864 2080 908 2102 m.
925 2080 995 2112 pn,
1024 2069 1061 2102 et
1087 2079 1130 2102 ex
1152 2072 1191 2101 V.
1314 2068 1429 2100 teme-

82 2114 194 2160 raria]
221 2115 418 2149 temararia
445 2120 479 2149 P.
604 2120 644 2149 16
673 2116 765 2149 serie
794 2115 987 2150 Cellarius:
1015 2115 1126 2150 series
1153 2119 1191 2149 A.
1314 2118 1354 2147 19
1382 2125 1428 2149 ne

82 2161 119 2194 in
147 2163 269 2209 omen]
305 2175 348 2196 ne
384 2174 516 2197 nomen
542 2167 577 2196 P.
722 2167 764 2197 20
792 2175 1028 2207 nequaquam
1062 2168 1087 2196 P
1121 2175 1164 2197 m,
1185 2175 1262 2208 pta:
1299 2163 1427 2206 nequi-

83 2220 194 2253 quam
222 2214 253 2243 C.
352 2215 395 2244 ‘24
423 2210 571 2256 deinde]
597 2210 683 2245 inde
710 2214 735 2243 P
764 2224 804 2245 m.
821 2223 880 2254 pr.
979 2215 1021 2244 26
1050 2210 1175 2256 classi]
1203 2210 1294 2245 clasi
1320 2214 1355 2244 P.

83 2258 198 2303 oram]
225 2258 354 2292 horam
381 2261 449 2292 BL.
552 2262 594 2291 27
622 2258 892 2304 Hegelochum]
919 2258 1159 2303 haegelocum
1186 2262 1210 2291 P
1239 2270 1354 2302 mpr.

85 2304 270 2348 Coumque
300 2306 440 2340 Laner:
478 2317 689 2350 quoumque
717 2310 759 2349 P,
787 2306 992 2349 choumque
1024 2310 1055 2339 C.
1194 2309 1237 2340 28
1264 2306 1427 2339 hostium

85 2351 223 2387 Laeter:
251 2353 386 2387 ostium
411 2356 450 2387 A.

1458 446 1497 476 14

1458 1342 1499 1371 18

1458 1580 1498 1609 19
