1610 2522
382 91 715 127 HISTORIARUM
741 91 1024 126 ALEXANDRI
1052 91 1111 129 VI,
1139 96 1168 126 5.
1375 92 1455 133 167

104 201 256 243 densae
289 204 387 242 sunt
414 201 464 242 de
496 200 707 242 industria
740 201 945 242 consitae:
979 215 1159 254 quarum
1193 204 1362 242 teneros
1389 201 1458 241 ad-

103 260 186 302 huc
211 274 351 302 ramos
378 275 507 301 manu
532 261 721 315 flectunt,
751 275 857 314 quos
885 261 1066 301 intortos
1092 275 1237 302 rursus
1265 261 1458 302 inserunt

102 323 256 361 terrae:
288 320 384 362 inde
417 319 533 361 velut
563 335 614 360 ex
641 320 724 361 alia
748 319 890 361 radice
915 319 1113 361 laetiores
1140 319 1279 360 virent
1304 320 1458 361 trunci.

102 378 213 430 Hos⁷
258 394 341 433 qua
377 382 530 420 natura
561 380 662 432 fert,
707 379 946 420 adolescere
977 393 1062 420 non
1096 379 1259 421 sinunt:
1300 379 1458 434 quippe

66 456 82 481 5
103 438 232 479 alium
259 438 332 479 alii
364 439 485 492 quasi
511 453 623 480 nexu
651 441 887 480 conserunt.
933 438 1016 487 Qui
1047 438 1121 479 ubi
1148 440 1283 479 multa
1309 438 1458 480 fronde

102 498 245 539 vestiti
279 500 396 550 sunt,
438 499 636 552 operiunt
668 501 842 539 terram:
884 498 1028 551 itaque
1058 499 1215 540 occulti
1241 513 1457 540 ramorum

102 558 220 599 velut
256 558 398 611 laquei
436 561 641 612 perpetua
683 572 807 612 saepe
844 558 926 599 iter
963 557 1150 598 cludunt.
1219 557 1316 599 Una
1348 558 1457 598 ratio

103 619 191 657 erat
229 617 440 658 caedendo
474 618 637 671 aperire
670 617 846 670 saltum,
891 617 963 658 sed
995 616 1077 658 hoc
1110 632 1279 671 quoque
1313 618 1458 673 magni

104 676 254 730 operis.
312 674 456 717 Crebri
488 691 672 731 namque
704 676 806 717 nodi
840 676 1095 717 duraverant
1127 676 1309 731 stipites,
1341 679 1383 718 et
1415 676 1458 717 in

50 752 83 777 10
104 750 146 776 se
192 735 385 789 inplicati
430 736 629 777 arborum
674 737 781 777 rami
825 737 1042 790 suspensis
1084 735 1252 778 circulis
1298 736 1458 777 similes

102 794 219 836 lento
264 795 419 836 vimine
457 795 775 837 frustrabantur
811 796 932 837 ictus.
995 794 1165 837 Incolae
1198 799 1340 837 autem
1372 796 1459 836 ritu

101 854 286 895 ferarum
320 855 506 910 virgulta
548 855 689 896 subire
722 855 840 896 soliti
870 858 963 896 tum
996 869 1165 909 quoque
1197 856 1460 897 intraverant

32 917 79 952 17
103 913 257 954 saltum
299 915 562 968 occultisque
603 915 698 956 telis
737 914 904 955 hostem
946 915 1221 955 lacessebant.
1284 914 1361 956 Ille
1394 930 1459 956 ve-

101 974 296 1014 nantium
342 974 467 1015 modo
512 974 692 1015 latibula
736 976 949 1015 scrutatus
989 974 1216 1028 plerosque
1255 973 1459 1026 confodit,

49 1048 81 1074 15
103 1032 155 1073 ad
187 1032 388 1074 ultimum
422 1033 644 1075 circumire
677 1034 834 1074 saltum
866 1033 1024 1074 milites
1057 1033 1189 1087 iubet,
1220 1036 1280 1087 ut,
1313 1034 1348 1073 si
1376 1048 1458 1087 qua

102 1094 279 1146 pateret,
312 1092 615 1146 inrumperent.
668 1092 749 1134 Sed
782 1093 943 1148 ignotis
974 1092 1081 1134 locis
1114 1093 1307 1147 plerique
1340 1093 1457 1133 ober-

102 1151 266 1205 rabant,
298 1153 547 1206 exceptique
574 1155 674 1194 sunt
702 1153 886 1206 quidam,
913 1153 1024 1193 inter
1050 1167 1157 1206 quos
1185 1167 1318 1207 equus
1344 1152 1458 1207 regis

104 1235 157 1239 ——
203 1210 493 1265 Bucephalam
537 1212 746 1253 vocabant
792 1238 864 1264 —‚
915 1227 1040 1266 quem
1086 1211 1329 1253 Alexander
1372 1227 1460 1253 non

103 1270 250 1311 eodem
290 1285 373 1324 quo
414 1274 573 1313 ceteras
611 1271 794 1325 pecudes
828 1272 968 1312 animo
1002 1271 1266 1312 aestimabat.
1329 1270 1459 1311 Nam-

49 1346 83 1371 20
103 1343 184 1383 que
228 1330 300 1370 ille
337 1345 413 1371 nec
456 1330 499 1371 in
539 1331 662 1372 dorso
703 1331 885 1372 insidere
925 1345 1000 1372 suo
1038 1331 1284 1385 patiebatur
1327 1330 1458 1371 alium

102 1391 144 1430 et
175 1403 332 1444 regem,
364 1404 459 1430 cum
492 1392 621 1431 vellet
653 1390 886 1443 escendere,
925 1394 1076 1444 sponte
1110 1405 1249 1445 genua
1280 1390 1459 1431 submit-

101 1451 195 1488 tens
239 1448 478 1502 excipiebat
523 1449 858 1503 credebaturque
896 1450 1071 1502 sentire,
1116 1464 1241 1503 quem
1275 1449 1457 1490 veheret.

102 1506 264 1549 Maiore
296 1522 411 1562 ergo,
444 1523 571 1562 quam
602 1509 788 1561 decebat,
820 1509 883 1549 ira
910 1508 1038 1550 simul
1065 1523 1112 1550 ac
1139 1509 1285 1550 dolore
1312 1510 1459 1550 stimu-

101 1566 214 1606 latus
253 1582 408 1621 equum
447 1568 649 1623 vestigari
690 1568 809 1610 iubet
853 1572 895 1609 et
932 1583 1008 1622 per
1045 1569 1321 1622 interpretem
1364 1583 1458 1622 pro-

48 1642 81 1668 25
101 1626 303 1677 nuntiari,
333 1627 377 1668 ni
411 1627 704 1681 reddidissent,
734 1628 949 1669 neminem
976 1642 1065 1669 esse
1091 1628 1314 1668 victurum.
1368 1627 1459 1669 Hac

102 1684 423 1727 denuntiatione
449 1687 588 1728 territi
615 1701 710 1728 cum
733 1687 882 1728 ceteris
904 1687 1026 1728 donis
1047 1702 1203 1741 equum
1232 1686 1458 1728 adducunt.

103 1743 185 1785 Sed
228 1759 281 1786 ne
326 1746 385 1785 sic
432 1746 602 1799 quidem
647 1746 869 1802 mitigatus
914 1747 1032 1788 caedi
1071 1746 1200 1787 silvas
1240 1747 1359 1787 iubet
1391 1746 1459 1787 ad·
1516 1758 1523 1759 ’

103 1807 305 1858 gestaque
339 1805 469 1845 humo
503 1820 524 1846 e
557 1805 775 1846 montibus
807 1806 1029 1859 planitiem
1063 1806 1192 1847 ramis
1222 1805 1457 1859 inpeditam

102 1864 361 1919 exaggerari.
423 1863 514 1905 Iam
556 1866 598 1905 ‘in
646 1865 911 1918 aliquantum
951 1865 1190 1906 altitudinis
1234 1880 1340 1919 opus
1374 1880 1457 1905 cre-

48 1938 82 1964 30
105 1926 232 1976 verat,
265 1936 361 1964 cum
393 1924 562 1965 barbari
595 1924 816 1978 desperato
849 1925 1078 1980 regionem,
1121 1940 1247 1978 quam
1281 1939 1458 1978 occupa-

200 2019 219 2048 3
247 2016 306 2061 ex]
333 2016 403 2050 dex
430 2019 456 2049 Β
478 2029 519 2051 m.
538 2028 595 2060 pr.
719 2022 739 2051 4
765 2016 853 2063 fert]
886 2017 981 2051 fert*
1009 2022 1045 2052 P.
1169 2021 1188 2050 6
1216 2017 1368 2062 occulti]
1397 2028 1458 2051 oc-

103 2062 205 2096 cultu
226 2067 259 2096 c.
359 2067 376 2097 7
405 2063 561 2098 cludunt
588 2065 757 2100 Medius:
786 2064 953 2099 cludisssst
972 2069 1008 2107 P,
1035 2064 1155 2099 cludit
1175 2069 1208 2098 C.
1309 2067 1327 2098 9
1354 2075 1456 2098 nam.-

102 2110 191 2155 que]
216 2121 376 2154 manque
403 2115 439 2145 P.
533 2112 772 2157 duraverant]
802 2112 1038 2146 nudauerant
1057 2116 1092 2146 P.
1188 2116 1230 2147 21
1259 2112 1455 2147 escendere

102 2160 128 2188 P
151 2169 193 2190 m.
215 2169 292 2201 pra:
327 2159 526 2193 ascendere
553 2163 585 2193 c.
719 2164 761 2192 22
790 2159 1101 2206 credebaturque]
1135 2159 1456 2202 credebanturque

102 2207 128 2236 P
146 2215 266 2248 mpr.
342 2208 385 2239 23
413 2217 499 2250 ergo
526 2217 592 2240 om.
613 2209 649 2240 B.
733 2211 776 2240 25
804 2206 899 2253 Hac]
926 2218 968 2241 ac
994 2211 1030 2240 P.
1109 2210 1151 2240 27
1179 2207 1242 2253 ne]
1262 2217 1330 2241 nec
1351 2211 1384 2240 c.

102 2251 171 2296 sic]
193 2252 223 2285 si
243 2256 268 2284 P
287 2264 331 2287 m.
346 2265 406 2296 pr.
482 2254 728 2299 adgestaque]
755 2254 984 2299 adgestoque
1005 2259 1030 2287 P
1050 2266 1094 2288 m.
1111 2266 1170 2298 pr.
1190 2258 1229 2288 V.
1305 2257 1349 2288 28
1375 2254 1457 2297 pla-

103 2298 234 2332 nitiem
262 2300 412 2343 Cospus:
450 2299 652 2344 planiciem
678 2305 717 2335 A.
829 2305 872 2335 29
900 2303 945 2336 in
978 2301 1214 2345 aliquantum
1242 2301 1453 2336 Aez‘dalius:

103 2345 337 2389 aliquantum
361 2350 400 2381 A.
487 2351 530 2382 30
558 2348 754 2392 desperato
779 2353 804 2382 P
827 2361 869 2383 m.
891 2349 962 2393 prs:
991 2349 1178 2392 desperati
1204 2352 1236 2381 c.

1489 392 1530 420 15

1489 570 1530 599 16

1489 807 1530 837 17

1489 1106 1531 1134 15

1488 1521 1530 1550 19
