1610 2522
89 316 130 347 10

90 494 129 524 11

88 910 130 940 13

88 1207 130 1237 14

88 1445 129 1475 15

89 1741 130 1772 16

158 77 243 119 346
658 76 697 118 Q.
726 76 871 111 CURTI
896 76 1011 111 RUFI

156 189 308 227 natura
341 201 512 240 quoque
540 186 707 226 inmitia
733 186 923 227 efferavit
950 186 1136 241 ingenia:
1169 187 1413 241 prominent
1439 201 1512 227 un-

159 260 261 299 gues
294 260 526 299 numquam
560 245 695 298 recisi,
729 259 872 286 comae
898 245 1088 286 hirsutae
1115 249 1157 286 et
1182 245 1375 287 intonsae
1403 248 1512 287 sunt.

157 305 346 360 Tuguria
373 304 544 345 conchis
572 306 614 345 et
640 305 790 345 ceteris
817 305 1109 359 purgamentis
1135 305 1263 346 maris
1284 306 1512 346 instruunt.

158 364 358 406 Ferarum
386 364 570 418 pellibus
597 363 699 405 tecti
726 364 915 418 piscibus
946 364 1034 405 sole
1061 365 1222 405 duratis
1243 367 1284 406 et
1304 364 1511 406 maiorum

159 438 328 478 quoque
362 423 596 476 beluarum,
630 438 733 477 quas
767 423 919 464 fluctus
953 424 1088 477 eiecit,
1121 438 1246 465 carne
1274 426 1511 465 vescuntur.
1551 441 1565 467 5

160 482 435 536 Consumptis
469 483 601 538 igitur
633 483 846 524 alimentis
868 482 1120 524 Macedones
1146 483 1284 537 primo
1313 483 1513 537 inopiam,

159 542 308 583 deinde
352 542 404 582 ad
445 542 643 583 ultimum
688 542 842 583 famem
889 543 1044 583 sentire
1084 546 1314 596 coeperunt
1352 543 1513 584 radices

157 602 395 656 palmarum
437 625 481 630 —
520 616 700 655 namque
741 602 831 642 sola
872 616 919 642 ea
952 602 1078 643 arbor
1110 602 1302 657 gignitur
1333 626 1390 631 -——
1422 601 1513 642 ubi-

110 679 118 686 ·
157 676 238 715 que
272 661 484 702 rimantes.
550 660 604 701 Et
638 675 732 701 cum
772 660 876 702 haec
917 675 1085 714 quoque
1119 662 1319 702 alimenta
1352 660 1511 703 defece-

157 724 264 774 rant,
296 721 487 762 iumenta
520 720 691 761 caedere
724 720 911 775 adgressi
945 735 996 761 ne
1029 721 1150 774 equis
1183 721 1353 774 quidem
1388 720 1514 762 absti-
1537 738 1568 764 ιο

156 780 324 822 nebant.
388 779 445 820 Et
467 795 562 822 cum
585 780 787 833 deessent,
809 794 915 834 quae
936 780 1120 821 sarcinas
1140 780 1354 833 veherent,
1378 780 1515 833 spolia

158 839 207 880 de
234 839 444 893 hostibus,
470 843 647 893 propter
667 854 774 893 quae
796 839 946 880 ultima
967 838 1151 880 Orientis
1172 842 1515 894 peragraverant,

157 899 402 940 cremabant
430 898 636 939 incendio.
701 898 873 939 Famem
915 899 1064 940 deinde
1096 899 1341 953 pestilentia
1373 901 1515 939 secuta

158 962 232 999 est.
296 958 462 1012 Quippe
495 958 775 999 insalubrium
810 959 999 999 ciborum
1033 959 1152 999 noxii
1194 959 1302 1010 suci,
1347 958 1399 999 ad
1433 957 1514 999 hoc

157 1018 323 1058 itineris
362 1018 483 1059 labor
525 1021 565 1059 et
598 1018 821 1072 aegritudo
856 1018 986 1058 animi
1019 1018 1299 1072 vulgaverant
1330 1017 1515 1069 morbos,
1537 1035 1568 1061 15

158 1080 198 1117 et
238 1091 315 1118 nec
354 1092 524 1118 manere
567 1077 656 1118 sine
690 1076 807 1118 clade
840 1091 916 1118 nec
950 1077 1149 1132 progredi
1181 1080 1397 1131 poterant:
1430 1091 1515 1117 ma-

158 1140 305 1177 nentes
347 1137 499 1189 fames,
541 1150 790 1192 progressos
836 1137 972 1177 acrior
1014 1137 1257 1190 pestilentia
1296 1136 1514 1191 urguebat.

158 1195 274 1249 Ergo
303 1196 423 1237 strati
451 1200 571 1237 erant
598 1196 737 1250 campi
763 1210 896 1250 paene
921 1196 1117 1250 pluribus
1145 1196 1360 1237 semivivis
1388 1210 1512 1249 quam

156 1256 442 1296 cadaveribus.
489 1255 551 1296 Ac
577 1271 630 1297 ne
657 1256 790 1296 levius
818 1255 988 1309 quidem
1015 1255 1130 1311 aegri
1158 1255 1276 1309 sequi
1298 1257 1515 1309 poterant:

157 1315 314 1369 quippe
342 1329 493 1370 agmen
520 1315 675 1369 raptim
704 1315 910 1370 agebatur
930 1317 1096 1355 tantum
1119 1314 1300 1370 singulis
1321 1315 1372 1355 ad
1397 1328 1514 1368 spem
1536 1332 1570 1357 20

157 1375 305 1415 salutis
351 1375 466 1428 ipsos
511 1375 715 1428 proficere
761 1374 1047 1428 credentibus,
1098 1378 1303 1428 quantum
1349 1373 1513 1414 itineris

157 1434 396 1475 festinando
431 1434 734 1488 praeciperent.
798 1432 954 1489 Igitur,
994 1434 1066 1487 qui
1100 1434 1356 1487 defecerant,
1389 1436 1513 1474 notos

159 1493 427 1547 ignotosque,
463 1497 507 1534 ut
539 1493 847 1547 adlevarentur,
880 1493 1075 1534 orabant:
1114 1493 1185 1534 sed
1218 1507 1295 1534 nec
1328 1493 1514 1533 iumenta

159 1556 291 1606 erant,
324 1552 480 1606 quibus
514 1554 650 1607 excipi
685 1555 871 1607 possent,
905 1555 946 1593 et
978 1552 1099 1594 miles
1132 1554 1201 1592 vix
1232 1566 1348 1592 arma
1374 1554 1514 1606 porta-

158 1612 248 1664 bat,
295 1612 627 1666 inminentisque
678 1614 720 1652 et
764 1611 868 1665 ipsis
915 1612 1044 1653 facies
1088 1612 1189 1652 mali
1231 1614 1328 1651 ante
1369 1610 1515 1652 oculos
1536 1628 1568 1653 25

160 1677 258 1712 erat.
317 1671 432 1727 Ergo
467 1673 634 1725 saepius
667 1672 853 1712 revocati
885 1685 937 1711 ne
970 1671 1178 1725 respicere
1211 1670 1380 1724 quidem
1415 1684 1514 1711 suos

159 1731 425 1772 sustinebant
458 1731 748 1772 misericordia
781 1731 824 1771 in
854 1731 1125 1771 formidinem
1159 1745 1289 1771 versa.
1352 1728 1422 1771 Illi
1454 1743 1514 1770 re-

158 1790 250 1832 licti
291 1790 391 1831 deos
430 1793 560 1831 testes
601 1794 640 1831 et
677 1804 795 1831 sacra
827 1791 1068 1831 communia
1101 1789 1299 1845 regisque
1331 1790 1514 1843 inplora-

157 1849 261 1890 bant
294 1863 429 1903 opem,
464 1864 644 1903 cumque
676 1850 836 1890 frustra
869 1849 1016 1890 surdas
1049 1864 1170 1889 aures
1197 1848 1437 1905 fatigarent,
1471 1849 1511 1888 in

257 1958 272 1987 1
302 1954 467 1999 inmitia]
494 1953 648 1988 iiimicia
675 1958 701 1987 F
793 1959 812 1988 2
840 1954 964 1999 recisi]
990 1954 1106 1988 reciso
1133 1957 1158 1986 P
1178 1965 1298 1998 vupr.
1382 1957 1401 1987 3
1429 1964 1514 1987 con-

160 2002 255 2046 chis]
283 2002 406 2036 concis
426 2005 461 2034 P.
562 2008 581 2034 ⁴.)
610 2001 656 2035 Et
676 2003 822 2046 scripsi:
851 2001 915 2035 sed
935 2005 973 2035 A.
1082 2005 1123 2035 14
1150 2001 1250 2035 noxii
1273 2001 1512 2036 Cornelissen:

160 2049 247 2083 noui
274 2052 312 2083 A.
435 2049 504 2083 hoc
532 2049 691 2094 itineris]
718 2048 919 2083 hoctineris
945 2053 970 2082 L
994 2061 1038 2083 m.
1055 2060 1113 2093 pr.
1238 2051 1278 2082 16
1306 2047 1513 2093 manentes]

160 2099 357 2131 manantes
385 2099 410 2129 B
437 2108 556 2141 *mgna
661 2100 702 2130 17
731 2096 916 2142 urguebat
941 2100 982 2129 P:
1016 2096 1173 2141 urgebat
1200 2099 1231 2128 C.
1337 2098 1378 2129 18
1406 2095 1513 2129 semi—

160 2144 267 2189 vivis]
302 2144 471 2178 simuiuis
497 2147 522 2177 1³
542 2156 586 2178 m.
603 2156 661 2188 pr.
811 2149 852 2177 Γ.)
880 2144 941 2189 ne]
974 2155 1040 2177 ωη.
1066 2147 1092 2176 P
1116 2155 1159 2177 m.
1177 2154 1235 2186 pr.
1380 2142 1512 2188 levius]

158 2191 277 2225 leuior
303 2195 337 2225 P.
433 2196 473 2225 21
504 2191 700 2236 quantum]
729 2193 907 2235 quantam
934 2195 959 2224 F
982 2203 1024 2225 m.
1040 2203 1098 2235 pr.
1186 2194 1229 2224 22
1257 2191 1379 2236 notos]
1406 2191 1513 2224 natos

158 2242 183 2271 B
207 2251 248 2272 m.
264 2251 322 2283 pr.
424 2243 467 2273 24
489 2239 540 2285 et]
567 2250 633 2273 om.
655 2242 690 2272 P.
789 2238 980 2284 portabat]
1006 2237 1208 2282 portabant
1228 2241 1254 2270 F
1274 2250 1318 2272 771.
1334 2250 1404 2282 pr„
1431 2248 1513 2281 por-

158 2286 292 2320 tabmt
316 2290 355 2321 V.
444 2290 486 2320 25
514 2286 605 2330 ipsis
634 2286 854 2321 Frobemias:
882 2286 999 2329 ipsius
1027 2289 1065 2319 Δ.
1159 2288 1202 2318 29
1230 2286 1402 2330 cumque]
1430 2296 1513 2319 cum

158 2338 183 2367 P
206 2346 247 2367 m.
263 2346 321 2378 pr.
422 2333 568 2379 surdas]
596 2334 725 2368 surdes
752 2337 788 2367 P.
