1610 2522
340 93 674 129 HISTORIARUM
701 94 985 128 ALEXANDRI
1011 95 1053 136 V,
1084 100 1135 128 11.
1161 99 1213 129 12.
1378 95 1460 135 143

102 204 297 245 dubitare
330 203 585 256 Artabazus,
629 203 730 257 quin
765 204 1069 245 transeundum
1104 207 1214 244 esset
1247 204 1290 244 in
1323 206 1461 245 castra

103 263 378 305 Graecorum:
410 263 561 304 Persas
596 277 764 316 quoque
797 263 988 317 periculo
1021 264 1197 318 vulgato
1229 265 1459 304 secuturos.

105 322 351 364 Destinatus
396 323 501 364 sorti
547 336 646 362 suae
685 325 726 363 et
764 322 847 363 iam
883 323 1043 364 nullius
1077 323 1260 364 salubris
1293 322 1459 363 consilii
1486 332 1506 362 8

102 383 267 436 patiens
299 382 468 423 unicani
502 383 546 422 in
578 383 651 423 illa
683 383 857 423 fortuna
889 396 1013 436 opem
1047 382 1321 435 Artabazum,
1363 382 1459 423 ulti-

66 459 80 483 5
101 457 218 482 mum
266 441 370 483 illud
413 441 601 494 visurus,
656 442 930 495 amplectitur
973 443 1255 496 perfususque
1299 442 1460 483 mutuis

101 502 288 542 lacrimis
334 501 622 542 inhaerentem
668 500 750 541 sibi
794 501 918 542 avelli
958 501 1094 542 iubet:
1140 501 1278 555 capite
1311 501 1460 542 deinde

101 562 252 614 velato,
284 575 336 601 ne
368 560 480 601 inter
511 560 696 615 gemitus
730 560 1037 615 digredientem
1070 562 1187 602 velut
1214 576 1237 601 a
1262 575 1368 615 rogo
1400 561 1460 601 in-

100 622 301 675 tueretur,
334 619 377 660 in
410 619 588 661 humum
621 634 804 674 pronum
833 634 984 674 corpus
1012 620 1176 661 abiecit.
1223 620 1331 661 Tum
1361 634 1458 661 vero
1488 632 1505 659 ει

101 679 318 721 custodiae
351 679 441 720 eius
475 679 651 733 adsueti,
685 694 792 732 quos
819 680 931 735 regis
959 681 1139 721 salutem
1167 681 1234 721 vel
1260 679 1460 733 periculis

48 755 80 779 10
102 739 212 780 vitae
245 740 355 780 tueri
390 738 624 793 oportebat,
657 738 809 793 dilapsi
844 742 955 792 sunt,
988 741 1095 780 clam
1129 739 1316 792 armatiS,
1353 753 1460 793 quos

102 799 183 840 iam
230 799 457 839 adventare
500 798 744 851 credebant,
788 798 902 839 haud
935 799 1015 840 rati
1050 813 1093 840 se
1125 799 1293 840 futuros
1325 813 1460 853 pares.

102 857 257 913 ingens
303 872 403 913 ergo
449 858 493 898 in
530 858 803 899 tabernaculo
847 858 1033 899 solitudo
1068 862 1157 899 erat
1188 858 1336 913 paucis
1369 873 1461 912 spa-

101 917 295 972 donibus,
329 918 439 972 quia,
473 932 557 971 quo
591 916 865 972 discederent,
906 932 992 958 non
1025 917 1253 970 habebant,
1286 918 1461 958 circum-

102 977 314 1018 stantibus
359 991 513 1032 regem.
589 976 647 1018 At
691 976 762 1018 ille
807 978 983 1018 remotis
1029 977 1199 1018 arbitris
1240 977 1311 1017 diu
1345 977 1458 1018 aliud
1489 988 1532 1017 10

48 1050 80 1075 15
101 1039 228 1091 atque
266 1037 382 1078 aliud
420 1036 647 1077 consilium
688 1037 828 1077 animo
861 1037 1093 1078 volutabat.
1156 1035 1330 1091 Iamque
1364 1037 1460 1077 soli-

101 1096 304 1149 tudinem,
351 1111 478 1150 quam
511 1097 639 1150 paulo
674 1099 769 1137 ante
802 1111 879 1150 pro
914 1097 1071 1137 solacio
1104 1097 1324 1151 petiverat,
1369 1110 1459 1151 per-

102 1170 198 1198 osus
232 1155 432 1196 Bubacen
476 1156 620 1196 vocari
665 1155 794 1197 iubet.
858 1154 992 1203 Quem
1025 1157 1213 1197 intuens:
1261 1155 1368 1209 ‘Ite’,
1400 1155 1459 1196 in-
1490 1166 1529 1195 11

101 1215 206 1269 quit,
238 1215 463 1256 ‘consulite
495 1215 618 1256 vobis
651 1215 703 1255 ad
734 1215 935 1256 ultimum
966 1216 1057 1270 regi
1083 1218 1237 1269 vestro,
1269 1218 1317 1256 ut
1344 1215 1460 1256 dece-

103 1274 191 1327 bat,
234 1275 317 1315 fide
363 1274 570 1315 exhibita:
615 1289 694 1329 ego
738 1274 810 1315 hic
853 1276 992 1330 legem
1035 1275 1113 1316 fati
1153 1275 1236 1315 mei
1269 1277 1460 1328 expecto.

47 1347 80 1372 20
104 1334 297 1375 Forsitan
324 1334 503 1388 mireris,
531 1334 644 1388 quod
670 1335 802 1375 vitam
829 1348 916 1375 non
941 1334 1109 1375 finiam:
1136 1335 1274 1375 alieno
1305 1335 1461 1375 scelere

102 1408 227 1448 quam
274 1408 368 1435 meo
409 1394 519 1435 mori
565 1394 705 1434 malo.’
769 1393 873 1435 Post
903 1394 1014 1435 hanc
1046 1408 1191 1435 vocem
1225 1393 1358 1447 spado
1392 1408 1460 1449 ge·
1489 1403 1530 1434 12

102 1454 209 1494 initu
253 1468 339 1493 non
377 1453 699 1494 tabernaculum
731 1453 876 1507 modo,
928 1453 1000 1495 sed
1033 1453 1161 1493 etiam
1195 1456 1332 1494 castra
1365 1466 1460 1494 con-

101 1512 243 1566 plevit.
305 1511 509 1566 Inrupere
555 1512 704 1553 deinde
749 1513 820 1553 alii
864 1512 1143 1566 laceratisque
1175 1512 1368 1553 vestibus
1400 1514 1461 1553 lu-

102 1572 226 1625 gubri
271 1574 313 1612 et
356 1571 536 1613 barbaro
582 1573 745 1613 ululatu
787 1586 932 1626 regem
965 1572 1184 1626 deplorare
1218 1575 1460 1626 coeperunt.

47 1645 80 1670 ‘25
102 1631 253 1673 Persae
286 1631 337 1671 ad
370 1632 466 1672 illos
497 1632 680 1672 clamore
706 1633 869 1686 perlato
897 1631 1071 1673 attoniti
1098 1634 1215 1672 metu
1240 1645 1317 1672 nec
1344 1646 1460 1672 arma
1488 1642 1531 1672 13

103 1705 262 1744 capere,
293 1705 346 1732 ne
373 1691 417 1731 in
436 1690 686 1732 Bactrianos
713 1691 960 1741 inciderent,
989 1705 1065 1732 nec
1093 1691 1309 1744 quiescere
1336 1691 1460 1732 aude-

105 1750 220 1804 bant,
265 1764 317 1790 ne
359 1749 473 1804 inpie
506 1750 696 1791 deserere
729 1764 872 1805 regem
904 1750 1160 1792 viderentur.
1224 1749 1379 1791 Varius
1413 1765 1460 1791 ac
1489 1760 1531 1790 14

102 1809 298 1851 dissonus
331 1810 490 1851 clamor
522 1809 611 1850 sine
644 1810 750 1851 duce
782 1824 832 1851 ac
858 1809 947 1850 sine
973 1810 1151 1864 imperio
1178 1810 1280 1850 totis
1307 1810 1459 1851 castris

31 1868 80 1903 34
101 1868 371 1910 referebatur.
424 1869 554 1910 Besso
577 1872 618 1909 et
636 1868 877 1910 Nabarzani
903 1869 1206 1910 nuntiaverant
1230 1869 1295 1909 sui
1315 1882 1459 1923 regem

49 1941 81 1966 30
103 1943 126 1968 a
167 1927 394 1982 semetipso
445 1929 750 1982 interemptum
799 1943 888 1969 esse
933 1954 989 1958 —
1033 1929 1231 1982 planctus
1276 1942 1347 1969 eos
1393 1928 1460 1969 de-

198 2025 214 2054 1
243 2021 526 2066 transeundum]
552 2022 763 2054 transecum
790 2025 815 2054 P
835 2033 879 2054 m.
895 2033 954 2065 pr.
1066 2025 1087 2054 4
1113 2021 1278 2067 patiens]
1305 2021 1458 2065 paciens

101 2071 172 2101 PV.
281 2073 300 2101 5
328 2067 422 2101 illud
450 2068 654 2103 Bentleius:
682 2068 789 2102 illum
815 2071 854 2102 A.
973 2072 990 2101 7
1020 2068 1308 2114 digredientem]
1337 2069 1458 2113 digre-

103 2115 266 2159 gientem
291 2119 331 2150 V.
432 2119 451 2149 9
479 2116 671 2150 custodiae
697 2119 739 2150 P:
768 2116 937 2150 custodia
964 2120 996 2149 c.
1098 2119 1141 2150 10
1169 2115 1305 2160 dilapsi
1331 2120 1364 2149 1:
1396 2116 1457 2149 de-

102 2161 198 2206 lapsi
223 2166 262 2196 A.
387 2163 482 2197 clam
507 2164 654 2207 scripsi:
682 2164 761 2197 tum
788 2166 827 2196 A.
958 2167 1000 2197 16
1029 2163 1166 2198 solacio
1193 2167 1226 2197 1:
1255 2163 1389 2198 solatio
1416 2167 1455 2197 A.

106 2213 146 2243 17
174 2209 346 2243 Bubacen
372 2214 413 2244 P:
441 2210 609 2244 babucen
637 2214 668 2244 C.
768 2211 907 2256 inquit]
934 2211 1066 2254 inquid
1092 2214 1164 2244 LV.
1271 2215 1312 2244 21
1341 2211 1456 2257 malo]

103 2255 215 2290 mallo
241 2261 277 2291 P.
376 2261 419 2291 ‘26
446 2258 508 2303 ne]
534 2269 601 2291 nec
627 2262 653 2291 P
672 2270 716 2292 ⁷11.
732 2270 791 2302 pr.
896 2258 1120 2304 inciderent]
1146 2258 1362 2293 incederent
1382 2262 1454 2292 LV.

105 2307 147 2336 *29
174 2303 383 2338 Nabarzani
405 2306 545 2340 Lauer:
567 2305 758 2340 nabazano
773 2309 812 2338 A.
889 2309 932 2339 30
954 2306 991 2351 a]
1013 2307 1050 2340 et
1062 2309 1098 2339 P.
1172 2305 1456 2351 interemptum]

104 2351 340 2385 interemtum
367 2356 404 2385 P.
