1610 2522
333 103 663 137 HISTofflARUM
692 101 972 136 ALEXANDRI
1003 102 1077 143 1111,
1110 105 1160 135 14.
1368 101 1423 140 93

72 218 223 268 essent,
251 215 323 255 illa
349 214 478 254 fuisse
500 213 731 254 dicturum:
758 213 1001 267 pervenisse
1028 228 1111 263 eos,
1139 211 1250 252 unde
1276 210 1422 266 fugere

72 289 159 315 non
200 276 382 328 possent.
447 272 529 314 Tot
571 276 777 313 terrarum
823 273 959 326 spatia
999 271 1193 323 emensis,
1233 273 1299 311 tot
1338 285 1423 311 am-

72 334 197 375 nibus
219 334 520 386 montibusque
547 336 645 386 post
671 335 837 386 tergum
861 332 1038 373 obiectis
1065 331 1146 372 iter
1171 331 1213 371 111
1240 331 1421 385 patriam

74 393 125 434 ad
156 396 330 447 penates
364 407 491 432 manu
524 406 614 433 esse
646 391 898 432 faciendum.
964 391 1033 432 Sic
1066 391 1205 444 duces,
1238 391 1298 430 sic
1330 404 1425 444 pro-

37 470 52 494 5
73 453 177 493 ximi
210 453 393 493 militum
428 452 618 492 instincti
652 454 760 492 sunt.

2 516 52 551 53
163 511 323 553 Dareus
358 512 400 552 in
426 512 546 552 laevo
575 526 705 552 cornu
739 514 827 551 erat
854 525 1009 565 magno
1038 524 1211 551 suorum
1246 509 1427 564 agmine,
1453 520 1472 547 s

74 571 248 613 delectis
275 572 465 625 equitum
494 570 785 625 peditumque,
818 571 999 623 stipatus
1027 572 1425 622 contempseratque

74 632 330 685 paucitatem
365 630 501 671 hostis
535 645 685 671 vanam
721 631 852 670 aciem
887 645 977 670 esse
1011 629 1192 670 extentis
1227 629 1426 669 cornibus

74 694 201 731 ratus.
269 689 478 743 Ceterum,
506 691 616 731 sicut
643 704 768 731 curru
795 689 1021 741 eminebat,
1050 689 1195 729 dextra
1222 690 1427 741 laevaque
1455 700 1473 728 υ

22 769 53 793 ιο
75 750 127 791 ad
149 751 468 791 circumstantia
490 750 660 805 agmina
682 748 828 790 oculos
850 763 1085 802 manusque
1108 748 1427 789 circumferens:

75 809 346 862 ‘Ten-arum',
388 810 540 863 inquit,
583 809 702 862 equas
746 807 937 850 Oceanus
979 808 1080 849 hinc
1122 808 1268 861 adluit,
1309 807 1428 848 illinc

74 870 234 910 claudit
266 868 589 923 HellespontUS,
628 869 755 922 paulo
789 871 885 909 ante
919 868 1101 908 dominis
1136 868 1219 908 iam
1250 881 1339 908 non
1379 866 1428 908 de

75 930 222 984 gloria,
256 929 328 970 sed
361 929 409 970 de
438 929 572 969 salute
606 932 659 981 et,
694 928 809 981 quod
837 928 963 969 saluti
990 928 1272 982 praeponitis,
1305 927 1428 968 liber-

74 992 160 1029 tate
200 988 477 1043 pugnandum
521 991 600 1029 est:
645 987 716 1029 hic
759 987 846 1028 dies
892 988 1138 1041 imperium,
1183 1002 1266 1040 quo
1311 986 1429 1026 nulla
1458 998 1500 1027 10

22 1066 53 1091 15
76 1048 258 1102 amplius
298 1048 404 1088 vidit
443 1050 574 1101 aetas,
614 1050 686 1088 aut
726 1048 958 1088 constituet
996 1050 1068 1087 aut
1106 1047 1237 1087 finiet.
1300 1045 1428 1100 Apud

76 1106 303 1149 Granicum
331 1108 507 1148 minima
539 1108 694 1148 virium
728 1111 849 1160 parte
883 1121 978 1147 oum
1011 1107 1133 1147 hoste
1161 1107 1428 1159 certavimus,

75 1168 118 1208 in
152 1166 300 1208 Cilicia
332 1167 468 1208 victos
503 1166 624 1220 Syria
656 1170 826 1220 poterat
859 1167 1064 1221 excipere,
1106 1180 1261 1221 magna
1293 1166 1430 1206 muni-

75 1229 217 1268 menta
256 1227 376 1282 regni
416 1226 555 1282 Tigris
596 1228 725 1279 atque
764 1225 1007 1280 Euphrates
1048 1228 1176 1266 erant.
1240 1224 1427 1266 Ventum
1460 1236 1498 1265 11

76 1290 138 1327 est
166 1301 227 1337 eo,
260 1286 371 1327 unde
397 1287 532 1340 pulsis
560 1301 612 1326 ne
638 1286 764 1341 fugae
792 1285 961 1340 quidem
990 1286 1110 1326 locus
1139 1288 1212 1325 est.
1277 1283 1430 1325 Omnia

23 1364 56 1388 ρο
76 1349 164 1386 tam
198 1346 363 1387 diutino
396 1346 509 1387 bello
538 1345 742 1386 exhausta
775 1348 873 1398 post
899 1349 1067 1400 tergum
1102 1347 1218 1385 sunt:
1251 1359 1337 1385 non
1371 1345 1430 1384 111κ

78 1404 191 1446 colas
219 1419 317 1446 suos
338 1406 476 1458 urbes,
501 1420 587 1446 non
610 1405 794 1446 cultores
821 1404 979 1445 habent
1007 1408 1153 1445 terrae.
1219 1402 1431 1459 Coniuges

77 1479 247 1518 quoque
287 1468 327 1505 et
359 1465 482 1506 liberi
516 1468 752 1518 sequuntur
789 1464 898 1506 hanc
932 1465 1082 1518 aciem,
1121 1466 1269 1518 parata
1300 1464 1431 1504 hosti-

79 1524 154 1565 bus
188 1524 356 1578 praeda,
388 1525 470 1565 nisi
502 1539 578 1578 pro
607 1524 836 1566 carissimis
863 1524 1115 1579 pignoribus
1149 1537 1327 1577 corpora
1360 1537 1432 1577 op-

76 1585 288 1637 ponimus,
353 1583 474 1632 Quod
495 1598 685 1624 mearum
706 1584 788 1624 fuit
808 1584 1007 1638 partium,
1028 1583 1274 1636 exercitum,
1305 1597 1429 1636 quein
1461 1594 1500 1623 1⁴2

23 1660 56 1685 25
77 1658 210 1697 paene
244 1644 435 1684 inmensa
461 1644 660 1697 planities
695 1644 764 1684 vix
793 1646 974 1696 caperet,
1009 1643 1254 1697 conparavi:
1288 1656 1431 1695 eqUOS,

78 1717 193 1742 arma
227 1703 436 1756 distribui,
471 1705 732 1744 commeatus
765 1717 817 1743 ne
850 1706 991 1743 tantae
1018 1702 1285 1743 multitudini
1318 1702 1432 1742 dees-

175 1848 191 1877 1
220 1854 281 1877 eos
308 1847 333 1877 P
355 1856 489 1887 impin:
518 1854 560 1878 eo
588 1848 620 1878 c.
762 1847 780 1876 3
808 1845 893 1888 post
918 1845 1064 1888 tergum
1091 1847 1124 1876 1:
1152 1844 1366 1888 postergum
1394 1845 1432 1876 A.

78 1895 98 1924 4
125 1890 173 1924 ad
197 1892 343 1935 scripsi:
372 1894 407 1925 et
433 1895 472 1925 A.
549 1895 568 1925 5
595 1891 779 1936 instincti]
806 1891 949 1925 insticti
968 1894 1008 1924 V.
1084 1894 1104 1924 8
1131 1900 1263 1924 vanam
1291 1891 1432 1924 Lauer:

77 1938 219 1972 uariam
235 1941 273 1972 A.
351 1942 369 1973 9
391 1940 514 1984 curru]
534 1950 646 1973 cornu
660 1943 686 1972 P
700 1951 743 1973 m.
760 1951 818 1983 pr.
896 1942 938 1972 10
960 1938 1255 1983 circumstantia]
1277 1938 1433 1971 circum-

79 1986 194 2019 stanti
219 1990 255 2020 P.
342 1992 382 2020 11
411 1987 519 2032 quas]
541 1998 605 2021 om.
628 1990 663 2020 L.
747 1991 788 2020 12
817 1986 976 2020 dominis
997 1986 1203 2020 Bentleius:
1232 1985 1373 2019 domini
1393 1989 1432 2018 A.

81 2037 122 2067 13
149 2033 394 2079 praeponitis]
422 2034 663 2079 praeponit-us
689 2038 714 2067 P
742 2046 785 2068 m.
808 2047 867 2078 pr.
894 2038 932 2067 V.
1058 2038 1100 2067 14
1126 2033 1339 2078 imperium]
1367 2033 1432 2066 1111-

78 2091 207 2124 petum
233 2085 258 2114 L
287 2094 328 2115 m.
352 2094 409 2125 pr.
533 2082 635 2116 nulla
662 2086 694 2115 1:
728 2081 871 2115 nullum
904 2085 942 2114 A.
1069 2085 1110 2114 15
1144 2081 1253 2126 vidit]
1286 2081 1365 2114 uidi
1392 2084 1432 2113 V.

81 2132 123 2161 16
151 2129 389 2175 certavimus]
424 2130 639 2164 certiuimus
665 2133 690 2162 P
720 2141 761 2163 m.
778 2141 836 2173 pr.
962 2132 1002 2162 17
1031 2129 1166 2173 victos]
1199 2129 1298 2162 uicto
1326 2132 1361 2161 L.

83 2175 203 2221 Syria]
225 2176 312 2211 siria
332 2180 438 2210 FLV.
563 2180 605 2211 18
632 2177 769 2222 Tigris]
790 2177 909 2221 tygris
931 2180 952 2209 C
974 2176 1115 2221 [trigris
1136 2177 1189 2221 F]
1313 2176 1434 2220 erant]

80 2225 160 2257 erat
184 2227 210 2256 P
235 2236 279 2258 m.
301 2236 360 2268 pr.
484 2228 528 2258 20
559 2224 755 2270 exhausta]
789 2226 943 2258 exausta
970 2229 1001 2257 C.
1130 2225 1215 2267 post
1246 2225 1392 2267 tergum
1418 2227 1435 2256 Ι

79 2272 293 2316 postergum
321 2275 359 2305 A.
483 2276 525 2306 21
561 2273 661 2317 suos]
689 2283 774 2305 suas
801 2276 835 2305 L.
960 2275 1003 2304 2⁶2
1037 2271 1162 2317 liberi]
1191 2270 1318 2304 liberis
1345 2274 1369 2303 L
1392 2282 1433 2304 m.

75 2331 133 2362 pr.
154 2322 193 2352 V.
281 2323 324 2352 23
351 2320 588 2365 opponimus]
617 2320 829 2364 oppinimus
855 2323 894 2353 V.
989 2323 1032 2351 25
1061 2318 1274 2364 conparavi]
1303 2329 1435 2362 conpe-

81 2366 160 2400 raui
187 2370 212 2399 P
234 2379 276 2400 m.
293 2378 350 2410 pr.
