1610 2522
152 110 237 152 204
658 108 697 150 Q.
726 107 867 143 CURTI
896 107 1008 142 RUFI

151 225 242 260 tum
287 233 376 260 esse
424 233 488 259 me
532 232 627 260 cum
679 217 956 273 ignavissimo
1002 220 1041 257 et
1093 216 1174 257 hoc
1222 231 1352 257 unum
1399 215 1506 257 mili-

152 280 235 320 tiae
268 279 333 319 ius
366 280 610 332 usurpante,
643 280 689 317 ut
722 277 883 318 alienos
916 290 1048 330 equos
1080 276 1334 332 pugnaturis
1367 275 1507 317 distri-

155 339 268 379 buat.
332 337 427 378 Huc
460 337 570 378 enim
606 336 813 377 malorum
847 338 1019 377 ventum
1052 340 1136 387 est,
1168 338 1216 376 ut
1249 335 1378 376 verba
1415 349 1508 375 mea

118 411 124 418 ·
153 397 300 439 eodem
322 399 514 451 tempore
535 399 577 437 et
597 395 839 437 Alexandro
861 409 1055 436 excusem
1078 398 1120 436 et
1140 393 1393 449 Antiphani!
1437 393 1508 446 At,

152 456 336 509 hercule,
368 459 502 497 mater
534 455 583 496 de
615 455 739 496 nobis
771 455 956 496 inimicis
987 454 1072 495 tuis
1100 455 1279 509 scripsit.
1330 453 1507 495 Utinam
1547 473 1566 498 5

153 516 405 571 prudentius
446 518 556 556 esset
588 514 772 556 sollicita
803 528 880 569 pro
912 513 1002 554 filio
1039 516 1080 555 et
1110 528 1198 555 non
1230 514 1375 554 inanes
1408 527 1510 567 quo-

155 590 236 630 que
270 575 433 630 species
474 574 599 615 anxio
639 574 780 614 animo
819 573 1045 629 figuraret!
1109 573 1246 622 Quare
1279 574 1390 614 enim
1424 586 1511 613 non

154 635 330 677 ascribit
361 637 500 675 metus
535 634 601 674 sui
633 633 835 674 causam?
868 632 1051 686 denique
1084 647 1170 674 non
1197 631 1383 674 ostendit
1415 645 1511 672 auc-

153 695 322 736 torem?
397 693 491 743 Quo
538 693 649 734 facto
696 693 862 734 dictove
902 695 1049 733 nostro
1092 695 1209 733 mota
1249 694 1336 732 tam
1381 691 1511 745 trepi-

85 767 125 795 .·
156 755 229 795 das
280 754 359 795 tibi
409 753 576 794 litteras
627 751 828 806 scripsit‘.>
897 749 931 791 O
978 752 1175 792 miseram
1219 750 1511 793 condicionem
1532 770 1570 795 ιο

156 828 303 867 meam,
336 814 436 867 quia
468 812 649 853 forsitan
681 826 767 852 non
799 810 1082 865 periculosius
1116 813 1181 851 est
1211 813 1349 851 tacere
1382 823 1511 864 quam

157 874 312 915 dicere!
377 871 460 913 Sed
498 874 729 925 utcumque
769 884 937 912 cessura
968 885 1034 911 res
1072 873 1152 924 est,
1187 870 1299 911 malo
1332 869 1412 910 tibi
1446 868 1513 910 de-

155 933 393 974 fensionem
433 946 567 972 meam
610 930 833 985 displicere
875 943 999 984 quam
1047 944 1229 972 causam.
1293 928 1513 985 Agnosces

157 995 312 1045 autem,
345 1005 452 1045 quae
485 990 675 1031 dicturus
710 1005 820 1030 sum:
855 990 1014 1044 quippe
1046 989 1292 1042 meministi,
1323 1002 1419 1029 cum
1446 1002 1513 1029 me

158 1052 208 1093 ad
242 1050 532 1106 perducendos
559 1064 608 1091 ex
642 1048 891 1090 Macedonia
924 1049 1082 1090 milites
1114 1049 1319 1101 mitteres,
1356 1047 1513 1088 dixisse
1535 1067 1571 1091 ιε,

157 1115 216 1164 te,
250 1110 409 1151 multos
442 1110 633 1164 integros
667 1109 839 1150 iuvenes
872 1108 916 1148 in
949 1108 1075 1149 domo
1110 1111 1206 1148 tuae
1239 1107 1388 1148 matris
1422 1105 1515 1147 abs-

89 1185 119 1213 &
158 1170 296 1213 condi.
358 1168 621 1223 Praecepisti
665 1168 799 1224 igitur
842 1167 966 1220 mihi,
1010 1182 1062 1208 ne
1101 1181 1226 1221 quem
1269 1169 1436 1222 praeter
1473 1168 1515 1206 te

159 1231 363 1283 intuerer,
408 1228 482 1270 sed
521 1228 804 1269 detrectantes
837 1226 1036 1268 militiam
1069 1227 1344 1280 perducerem
1377 1225 1430 1266 ad
1461 1227 1515 1266 te.

158 1289 281 1339 Quod
313 1288 508 1343 equidem
542 1288 623 1328 feci
657 1290 697 1328 et
729 1286 918 1340 liberius,
954 1301 1080 1340 quam
1113 1285 1365 1340 expediebat
1397 1284 1516 1338 mihi,

158 1351 360 1390 executus
395 1363 488 1388 sum
516 1349 638 1388 tuum
667 1347 905 1400 imperium.
959 1344 1163 1400 Gorgiam
1191 1349 1232 1386 et
1252 1344 1515 1386 Hecataeum
1536 1363 1572 1388 20

159 1412 199 1450 et
234 1407 462 1463 Gorgidan,
495 1421 676 1460 quorum
709 1406 821 1447 bona
853 1419 982 1460 opera
1012 1405 1156 1458 uteris,
1196 1405 1292 1446 inde
1326 1402 1516 1458 perduxi.

115 1502 120 1509 .
161 1467 273 1517 Quid
304 1468 438 1523 igitur
468 1466 659 1520 iniquius
693 1468 756 1506 est
783 1480 909 1520 quam
934 1479 1012 1517 me,
1046 1465 1130 1519 qui,
1163 1465 1199 1505 si
1224 1463 1304 1505 tibi
1331 1478 1416 1505 non
1447 1477 1516 1517 pa-

160 1528 352 1581 ruissem,
386 1526 475 1567 iure
508 1526 684 1566 daturus
710 1525 772 1565 fui
799 1538 971 1579 poenaS,
1003 1538 1115 1564 nunc
1140 1524 1290 1579 perire,
1323 1522 1424 1577 quia
1447 1536 1518 1576 pa-

160 1587 255 1628 rui‘?
286 1586 438 1639 Neque
471 1587 583 1626 enim
615 1587 704 1626 ulla
735 1585 817 1625 alia
850 1584 977 1625 matri
1008 1587 1106 1625 tuae
1132 1581 1413 1638 persequendi
1438 1595 1517 1622 nos

161 1661 286 1687 causa
326 1649 407 1699 est,
446 1659 573 1698 quam
607 1644 721 1698 quod
753 1643 983 1685 utilitatem
1018 1646 1134 1684 tuam
1167 1641 1365 1684 muliebri
1397 1655 1574 1695 prae-25

259 1804 275 1831 1
298 1797 472 1842 militiae]
493 1797 646 1831 iniciaL
669 1808 711 1830 m.
727 1808 785 1840 pr.
857 1800 876 1830 2
898 1796 954 1830 ius
970 1796 1175 1830 Bentleius:
1198 1805 1285 1828 suae
1300 1797 1339 1827 A.
1414 1804 1517 1827 usur—

162 1850 276 1891 pante
304 1846 445 1880 Lauer:
474 1846 717 1889 usurpantem
744 1847 819 1877 ΔΕ.
932 1847 950 1877 3
978 1842 1076 1889 Huc]
1103 1843 1190 1877 hinc
1216 1846 1254 1875 E.
1365 1845 1386 1875 4
1412 1840 1519 1874 Anti-

161 1893 292 1939 phani]
315 1892 513 1936 anthipani
532 1895 569 1934 P,
591 1891 813 1936 antipahani
834 1895 871 1924 E.
970 1890 1034 1936 At]
1056 1890 1104 1924 ad
1123 1893 1148 1923 L
1169 1902 1213 1924 m.
1229 1901 1287 1934 pr.
1387 1892 1406 1921 5
1427 1887 1519 1933 tuis]

162 1941 231 1975 lsibi
253 1945 290 1974 E.
367 1943 385 1973 6
413 1939 650 1985 prudentius]
671 1938 896 1982 prudencius
917 1941 956 1971 V.
1033 1941 1050 1971 7
1073 1937 1230 1983 species]
1251 1935 1389 1980 speties
1409 1939 1444 1968 F.

163 1987 355 2035 figuraret]
376 1987 568 2032 fugararet
587 1990 612 2019 P
634 1999 677 2020 m.
692 1998 765 2030 pr..
785 1990 826 2021 ut
849 1986 1000 2027 ridetur,
1021 1985 1243 2030 figuraretur
1262 1987 1299 2017 E.
1383 1982 1520 2028 Quare]

163 2048 257 2080 quae
283 2039 324 2069 E.
423 2038 442 2068 8
470 2034 636 2079 causam]
664 2044 812 2067 causam
846 2032 1028 2077 Trepidas
1060 2032 1204 2066 litteras
1231 2035 1274 2066 F.
1307 2032 1371 2075 qui
1396 2035 1520 2065 notam

166 2084 401 2129 marginalem
433 2083 546 2117 verbis
569 2082 758 2126 scriptoris
787 2082 924 2116 inserit.
1025 2083 1067 2114 10
1095 2078 1365 2124 condicionem]
1393 2077 1518 2111 condi-

162 2132 302 2166 tionem
321 2134 427 2164 EFP.
507 2134 545 2164 11
570 2140 690 2163 meam
711 2140 777 2163 om.
799 2132 837 2161 E.
920 2130 962 2161 13
982 2127 1187 2173 Agnosces]
1209 2136 1426 2171 agnosceres
1447 2129 1517 2158 ΕΡ.

165 2183 205 2213 17
235 2178 342 2225 mihi]
368 2189 434 2213 om.
456 2181 494 2211 E.
576 2180 617 2210 18
645 2175 912 2220 detrectantes]
933 2174 1186 2209 detractantes
1206 2178 1244 2207 E.
1326 2172 1517 2218 militiam]

162 2226 341 2260 miliciam
367 2228 393 2258 1.
413 2237 457 2259 m.
473 2237 532 2269 pr.
628 2226 670 2258 19
697 2222 885 2268 equidem]
912 2222 1076 2266 equitem
1102 2226 1138 2255 P.
1231 2220 1453 2265 expediebat
1472 2224 1518 2253 E:

164 2273 366 2318 expedibat
392 2276 431 2306 A.
580 2275 623 2305 ‘20
651 2271 843 2316 executus]
875 2271 1082 2314 exequutus
1108 2273 1144 2303 F.
1291 2267 1517 2303 Hecataeum

164 2321 384 2356 Frobenius:
412 2320 611 2365 hegateum
633 2322 670 2352 Δ.
795 2322 835 2352 21
861 2316 1050 2361 Gorgidan
1077 2318 1208 2361 scripsi
1216 2332 1223 2350 .·
1250 2320 1431 2361 gorgatan
1454 2317 1519 2348 ΔΕ

165 2371 336 2414 jgorgata
357 2368 409 2413 F]
508 2366 603 2401 bona
633 2377 698 2401 om.
720 2369 758 2399 E.
860 2368 902 2398 *23
930 2364 998 2410 fui]
1028 2364 1141 2398 fuisse
1168 2368 1193 2397 P
1216 2376 1256 2398 m.
1275 2374 1332 2407 pr.
