1591 2493
151 102 233 137 Vlll
682 103 952 138 PRAEFA'PH)

152 216 375 254 recedentes
403 230 483 254 rem
511 229 597 254 cum
626 217 805 254 Parisino
834 217 1002 265 faciunt,
1040 217 1382 266 Darmstadiense,
1418 219 1511 257 Ein-

151 276 333 326 sidlense,
362 276 725 326 Herbipolitanum,
752 277 864 314 cuius
885 277 1150 315 conlationem
1172 279 1511 317 accuratissimam

153 335 453 374 liberalissimae
487 336 727 373 humanitati
763 336 936 373 Thomae
970 336 1163 387 Stangelii
1197 337 1327 376 debeo.
1387 338 1512 388 Atqui

150 396 192 432 in
219 395 353 433 eodem
381 408 522 446 genere
555 396 735 444 ponenda
770 408 852 434 esse
879 396 958 433 tria
991 397 1087 433 folia
1119 396 1264 435 codicis
1294 410 1396 435 nunc
1423 397 1511 436 sub-

150 456 254 504 repti
269 455 417 493 saeculi
433 454 585 502 decimi,
601 467 701 504 quae
717 455 975 493 Vindobonae
996 457 1035 493 in
1057 455 1298 495 bibliotheca
1320 456 1512 495 Caesarea

151 514 428 562 adservantur,
468 515 565 552 mihi
603 515 799 564 persuasi,
843 515 947 564 quod
993 515 1314 555 adnotationibus
1360 519 1511 554 carent:

152 574 357 612 mntinent
377 578 510 612 autem
533 573 645 611 Curti
672 574 790 612 verba
811 578 996 622 extrema,
1023 588 1124 624 quae
1146 588 1247 613 nunc
1267 577 1307 614 in
1330 576 1510 615 Parisino

151 633 312 681 desunt,
345 637 388 671 ut
422 635 498 671 iam
528 635 567 671 in
594 634 670 672 fine
698 647 852 683 quoque
886 635 1142 672 historiarmn
1169 635 1330 673 alterius
1358 636 1512 686 generis

151 693 365 731 habeamus
398 696 550 731 testem.
604 693 783 743 Denique
810 698 991 743 excerpta
1019 694 1212 744 quaedam
1244 695 1391 734 saeculi
1418 696 1513 733 noni

153 754 246 790 olim
274 755 314 790 in
347 753 534 791 coenobio
561 753 874 804 Rhenaugiensi,
908 767 1008 791 nunc
1041 754 1175 792 Turici
1206 754 1244 791 in
1273 754 1514 793 bibliotheca

154 812 312 861 publica
340 812 549 850 adservata
577 826 700 862 paene
732 814 883 851 invitus
917 813 1097 852 adhibui:
1131 827 1222 852 nam
1255 814 1305 851 ad
1331 814 1511 852 emenda-

151 874 301 910 tionem
323 873 422 910 nihil
445 874 524 911 fere
546 872 742 922 adferunt,
764 873 828 911 sed
847 873 1143 911 adnotationem
1160 874 1336 912 criticam
1351 877 1513 924 propter

152 945 302 971 errores
323 932 514 982 plurimos
535 932 650 970 valde
671 935 848 971 onerant.
881 934 979 971 Mire
1001 936 1134 971 autem
1156 933 1204 971 ab
1226 933 1351 972 altero
1372 947 1511 985 genere

154 992 204 1029 ad
232 992 402 1030 alterum
428 995 638 1031 transeunt
670 995 789 1042 atque
817 994 937 1031 etiam
964 993 1150 1031 lectiones
1177 993 1378 1041 exhibent,
1411 1006 1511 1043 quae

153 1051 499 1101 interpolationem
536 1053 706 1101 sapiunt.
758 1053 946 1101 Reliquos
978 1065 1070 1090 vero
1103 1052 1272 1102 codices,
1311 1065 1408 1102 quos
1443 1066 1513 1103 per

153 1111 300 1149 multos
321 1124 444 1149 annos
459 1112 652 1161 plurimos
667 1113 902 1161 examinavi,
922 1125 1056 1150 rursus
1070 1113 1186 1161 plane
1207 1112 1373 1164 neglexi,
1393 1113 1511 1162 quod,

153 1174 195 1208 ut
224 1184 343 1220 supra
370 1171 469 1220 dixi,
501 1171 619 1209 certis
646 1172 966 1220 interpolationis
993 1172 1150 1210 indiciis
1176 1173 1378 1221 inquinati
1408 1176 1511 1220 sunt,

152 1234 197 1268 ut
225 1231 309 1268 erui
338 1244 415 1268 non
443 1232 588 1280 possit,
620 1234 758 1269 utrum
784 1232 924 1270 melior
950 1232 1065 1270 lectio
1098 1232 1395 1281 interpolatoris
1422 1244 1511 1270 acu-

153 1290 248 1327 mini
276 1303 326 1328 an
354 1290 499 1329 codicis
525 1291 617 1329 fidei
643 1291 843 1329 debeatur.

243 1349 356 1394 Quod
376 1353 509 1388 tamen
536 1351 632 1388 haec
653 1351 774 1388 editio
802 1364 825 1388 a
851 1352 981 1401 priore
1002 1351 1172 1389 multum
1199 1351 1394 1399 dissentit,
1420 1351 1511 1389 inde

152 1411 320 1447 maxime
342 1410 490 1448 factum
513 1413 582 1459 est,
605 1410 709 1459 quod
730 1423 833 1448 anno
855 1422 1121 1458 MDCCCLXVH,
1142 1424 1229 1448 cum
1250 1414 1329 1448 tres
1351 1413 1510 1449 omnino

152 1469 317 1517 codices,
331 1469 575 1517 Leidensem,
588 1470 825 1520 Pal-isinum,
836 1471 1083 1518 Vossianum,
1096 1470 1361 1519 contulissem,
1375 1471 1512 1509 multis

152 1529 248 1567 locis
275 1529 321 1567 de
349 1529 494 1567 codicis
528 1530 732 1579 archetypi
770 1530 938 1568 lectione
971 1529 1112 1568 dubius
1145 1530 1373 1577 haerebam,
1408 1543 1512 1568 nunc

152 1589 327 1638 quinque
352 1589 432 1627 illis
460 1589 659 1628 codicibus
688 1592 869 1628 accurate
902 1590 1084 1639 perlectis
1117 1590 1164 1628 de
1190 1589 1403 1640 archetypo
1431 1603 1510 1628 cer-

150 1649 229 1686 tius
257 1648 432 1687 iudicare
460 1661 632 1697 possum.
684 1649 773 1687 Huc
801 1649 968 1698 accedit,
1002 1649 1123 1698 quod,
1157 1663 1236 1699 quo
1264 1662 1307 1686 ex
1334 1651 1510 1699 tempore

150 1709 270 1746 trium
298 1708 476 1746 codicum
509 1709 696 1747 lectiones
724 1708 873 1758 publici
898 1710 996 1747 iuris
1028 1710 1122 1755 feci,
1155 1710 1272 1746 multi
1304 1710 1379 1746 viri
1406 1709 1510 1747 docti

150 1768 281 1806 studia
315 1780 387 1806 sua
420 1770 460 1805 in
496 1767 609 1806 Curti
641 1768 770 1806 verbis
807 1769 870 1806 vel
897 1769 1138 1818 corrigendis
1172 1769 1232 1806 vel
1269 1768 1510 1817 explicandis

150 1841 226 1864 non
255 1828 336 1865 sine
364 1840 509 1878 magno
538 1830 667 1865 fructu
694 1828 1011 1866 conlocaverunt.
1064 1828 1163 1865 Tum
1193 1840 1295 1865 nunc
1322 1827 1509 1865 Richardi

150 1887 305 1924 Bentlei
333 1887 578 1926 nobilissimo
606 1888 819 1936 exemplari
851 1887 962 1925 Curti
996 1900 1018 1924 a
1045 1886 1221 1925 Gilberto
1250 1886 1509 1924 Wakefieldio

150 1947 349 1995 quondam
378 1947 557 1986 adhibito
584 1947 643 1984 uti
671 1949 802 1995 potui,
835 1948 875 1984 in
905 1960 981 1995 quo
1008 1946 1075 1984 ille
1107 1946 1331 1984 conlatione
1364 1946 1509 1984 codicis

151 2006 319 2044 Parisini
353 2007 401 2044 ab
439 2007 584 2044 Ioanne
612 2006 800 2045 Walkero
834 2006 1011 2044 confecta
1047 2005 1204 2044 adiutus
1240 2007 1377 2044 multis
1413 2006 1509 2044 locis

149 2067 230 2103 sive
257 2066 376 2104 verba
398 2065 509 2104 Curti
531 2067 673 2105 melius
695 2066 902 2104 constituit
922 2066 1005 2104 sive
1026 2078 1175 2104 errores
1196 2065 1376 2104 lectionis
1404 2066 1509 2103 dete-

148 2126 223 2163 xit:
250 2138 341 2163 nam
369 2125 525 2163 Bentlei
552 2126 783 2177 sagacitati,
809 2127 842 2164 si
869 2127 1067 2164 scaenicos
1101 2124 1339 2162 Graecorum
1371 2128 1509 2174 poetas

148 2185 312 2234 excipis,
347 2186 415 2223 vix
449 2186 490 2222 in
527 2186 606 2223 alio
640 2186 831 2235 scriptore
868 2185 1091 2223 emendatio
1128 2185 1268 2223 melius
1304 2185 1508 2234 processit.

148 2245 278 2293 Atque
306 2245 388 2292 ipse
423 2245 462 2282 in
492 2244 602 2283 Curti
635 2245 766 2283 verbis
798 2247 1023 2284 coniectura
1058 2244 1244 2282 sanandis
1281 2258 1362 2282 rem
1388 2243 1508 2294 paulo

147 2304 334 2342 audacius
356 2304 550 2354 agendam
572 2317 654 2343 esse
676 2307 821 2353 censui,
848 2304 951 2354 quod
974 2307 1135 2354 propter
1154 2303 1329 2352 plurima
1348 2302 1509 2341 nomina

147 2363 361 2410 hominum,
392 2365 583 2413 gentium,
613 2364 801 2412 locorum,
827 2364 1046 2412 fluminum,
1075 2363 1294 2411 beluarum,
1323 2363 1505 2412 stirpium
