1610 2522
71 562 115 592 20

77 1096 121 1127 22

80 1333 125 1364 ⁵23

82 1513 125 1543 24

139 83 226 125 320
643 80 682 122 Q.
711 79 856 115 CURTI
882 79 993 114 RUFI

140 194 285 234 datum
320 196 399 234 est:
433 191 560 232 tertio
593 191 659 231 die
693 189 898 243 processit
931 188 1121 244 erigique
1154 188 1375 230 duodecim
1403 201 1496 228 aras

140 268 188 293 ex
218 251 423 306 quadrato
451 265 566 303 saxo,
598 251 923 290 monumentum
954 247 1236 302 expeditionis
1264 261 1375 300 suae,
1410 261 1496 287 mu-

140 312 328 353 nimenta
378 324 547 365 quoque
594 312 831 350 castrorum
879 307 1006 348 iussit
1046 306 1215 349 extendi
1258 306 1498 360 cubiliaque

141 372 361 425 amplioris
394 372 554 411 formae
588 383 713 422 quam
753 382 829 421 pro
862 380 1087 420 corporum
1121 366 1270 407 habitu
1301 365 1498 419 relinqui,

142 434 189 472 ut
209 431 393 484 speciem
415 429 605 470 omnium
630 430 816 482 augeret,
835 427 1077 480 posteritati
1097 426 1226 467 fallax
1248 424 1498 466 miraculum
1537 442 1552 469 5

141 503 411 545 praeparans.

232 549 346 590 Hinc
378 550 585 602 repetens,
619 560 725 600 quae
759 560 954 586 emensus
988 547 1089 597 erat,
1122 544 1172 584 ad
1205 544 1364 585 flumen
1397 543 1499 585 Ace-

145 610 263 650 sinen
304 608 417 649 locat
450 609 597 648 eastra.
660 604 727 647 Ibi
758 606 869 646 forte
903 603 1070 646 Coenus
1103 603 1252 644 morbo
1286 604 1500 645 extinctus

145 671 224 710 est:
268 668 386 708 cuius
419 669 556 707 morte
588 664 799 720 ingemuit
832 664 1002 719 quidem
1034 679 1126 717 rex,
1171 662 1326 706 adiecit
1358 666 1500 704 tamen

144 730 321 783 propter
359 740 518 781 paucos
557 725 645 766 dies
685 724 857 779 longam
892 724 1126 765 orationem
1161 737 1257 763 eum
1290 736 1501 775 exorsum,
1522 740 1556 766 ιο

75 808 82 814 -
145 791 364 841 tamquam
413 785 529 827 solus
575 783 866 825 Macedoniam
912 783 1080 824 visurus
1126 785 1248 823 esset.
1323 780 1412 822 Iam
1459 781 1502 822 in

146 861 256 901 aqua
294 845 458 898 classis,
504 859 628 899 quam
671 842 882 884 aedificari
923 843 1119 895 iusserat,
1165 841 1316 883 stabat.
1387 839 1503 882 Inter

145 906 248 948 haec
275 905 477 946 Memnon
509 919 559 945 ex
587 903 766 944 Thracia
798 903 841 943 in
873 901 1217 957 supplementum
1250 901 1442 955 equitum
1474 912 1503 940 v

146 965 284 1018 milia⁷
328 967 497 1019 praeter
534 978 604 1004 eos
643 962 696 1003 ab
731 961 918 1016 Harpalo
958 961 1147 1015 peditum
1181 972 1245 1001 VH
1286 960 1405 1001 milia
1436 959 1504 1000 ad-

148 1026 324 1066 duxerat
358 1037 558 1077 armaque
591 1034 685 1063 XXV
718 1021 891 1063 milibus
924 1035 1026 1062 auro
1059 1024 1099 1060 et
1133 1022 1310 1076 argento
1344 1019 1505 1061 caelata
1526 1037 1557 1062 15

148 1085 393 1140 pertulerat.
440 1082 542 1132 Quis
570 1081 811 1123 distributis
838 1083 980 1121 vetera
1007 1080 1185 1121 cremari
1211 1080 1346 1120 iussit.
1386 1078 1505 1120 Mille

149 1144 333 1198 navigiis
367 1142 559 1183 aditurus
581 1140 794 1182 Oceanum
830 1139 1129 1193 discordesque
1161 1141 1203 1180 et
1234 1141 1377 1180 vetera
1409 1138 1507 1179 odia

150 1206 428 1245 retractantes
462 1201 620 1242 Porum
661 1204 702 1241 et
734 1199 929 1253 Taxilen,
962 1198 1106 1239 Indiae
1140 1213 1280 1253 reges7
1314 1199 1505 1239 firmatae

149 1277 225 1319 per
263 1262 526 1303 adfinitatem
564 1261 726 1316 gratiae
764 1259 939 1314 reliquit
971 1259 1013 1299 in
1047 1259 1134 1299 suis
1165 1258 1306 1313 regnis
1340 1271 1506 1298 summo

152 1325 196 1364 in
235 1321 496 1363 aedificanda
536 1322 667 1361 classe
706 1319 929 1360 amborum
969 1317 1109 1359 studio
1151 1331 1263 1358 usus,
1339 1315 1507 1371 Oppida
1528 1334 1562 1359 20

153 1396 321 1437 quoque
367 1381 450 1422 duo
497 1380 705 1421 condidit:
751 1393 933 1433 quorum
978 1377 1157 1418 alterum
1194 1375 1394 1418 Nicaeam
1436 1391 1507 1430 ap-

152 1442 339 1497 pellavit,
373 1441 553 1481 alterum
587 1438 842 1493 Bucephala,
875 1437 984 1491 equi,
1021 1451 1148 1490 quem
1181 1437 1392 1489 amiserat,
1425 1449 1506 1475 me-

151 1501 312 1542 moriae
345 1515 394 1541 ac
425 1500 587 1540 nomini
621 1498 818 1539 dedicans
851 1497 1011 1538 urbem.
1074 1495 1328 1550 Elephantis
1359 1494 1509 1535 deinde

153 1565 195 1602 et
240 1559 540 1615 inpedimentis
582 1563 694 1599 terra
735 1557 854 1611 sequi
898 1556 1021 1597 iussis
1064 1555 1248 1598 secundo
1287 1568 1410 1595 amne
1443 1553 1510 1594 de-

154 1620 279 1661 fluxit
323 1619 603 1673 quadraginta
650 1617 782 1658 ferme
825 1616 960 1657 stadia
1001 1615 1182 1670 singulis
1224 1614 1372 1655 diebus
1415 1627 1508 1667 pro-
1530 1631 1562 1656 25

254 1777 267 1804 l
297 1771 423 1816 tertio]
451 1770 566 1804 tercio
593 1774 629 1804 F.
753 1769 919 1813 erigique
947 1768 1169 1803 Frobenius:
1204 1778 1223 1802 e
1250 1767 1353 1811 regia
1379 1766 1444 1810 qui
1469 1769 1509 1799 A.

157 1824 176 1853 2
206 1820 487 1853 monumentum
522 1818 740 1852 Frobenszssns:
781 1816 1052 1850 munimentum
1085 1818 1123 1849 A.
1247 1813 1508 1858 expeditionis]

156 1866 409 1911 expedicionis
437 1870 495 1898 FL
515 1877 560 1900 m.
580 1877 648 1909 pr„
676 1865 848 1908 expedito
877 1863 956 1898 onis
982 1867 1006 1896 P
1029 1875 1071 1897 m.
1089 1875 1147 1907 pr.
1264 1861 1509 1906 munimenta]

156 1915 384 1948 monimenta
416 1917 451 1947 P.
595 1918 613 1947 5
641 1912 818 1957 speciem]
853 1911 1010 1955 spetiem
1037 1914 1072 1943 F.
1215 1914 1234 1944 6
1269 1909 1509 1954 praeparans]

157 1972 340 2007 apparens
366 1964 392 1994 B
414 1973 456 1994 m.
478 1973 531 2004 μν.
624 1964 641 1993 7
669 1959 854 2004 repetens]
883 1960 1053 2002 repentes
1079 1960 1105 1990 B
1126 1970 1169 1991 m.
1185 1969 1246 2002 pr.
1273 1959 1298 1989 Β
1322 1968 1363 1989 m.
1383 1968 1439 1999 pr.

158 2010 340 2043 Acesinen
360 2010 505 2053 scripsi:
534 2008 761 2042 acaestimen
781 2011 817 2049 P,
845 2006 1084 2040 acaestimem
1104 2008 1181 2046 BF,
1203 2003 1418 2039 acestimem
1438 2006 1510 2036 LV.

159 2061 179 2091 8
207 2056 348 2091 Coenus
376 2056 511 2090 Aldus:
538 2066 678 2099 poenus
699 2058 738 2088 A.
834 2058 873 2087 12
896 2054 994 2087 Inter
1021 2052 1111 2086 haec
1136 2052 1294 2087 Giunta:
1322 2051 1361 2084 in
1382 2050 1452 2085 hac
1472 2053 1510 2084 A.

162 2109 202 2138 13
231 2104 403 2149 Thracia]
432 2104 550 2137 tracia
576 2106 635 2136 FP
658 2115 699 2136 m.
718 2114 788 2146 pr„
816 2101 956 2135 thratia
976 2104 1001 2133 L
1021 2112 1147 2143 nupr..
1174 2099 1297 2132 hratia
1311 2101 1350 2131 V.
1427 2109 1511 2141 sup-

160 2152 402 2196 plementum]
431 2150 705 2194 suplementum
731 2153 766 2183 P.
855 2161 875 2182 v
902 2147 1021 2193 milia]
1049 2160 1071 2181 v
1098 2151 1130 2180 C.
1215 2151 1257 2180 14
1285 2145 1448 2189 Harpalo
1475 2149 1511 2179 1:

160 2198 313 2243 harpelo
329 2202 357 2231 A
379 2198 520 2243 [arpelo
536 2201 561 2230 B
578 2209 619 2231 m.
632 2197 717 2242 pri}
792 2200 831 2229 15
853 2208 922 2229 xxv
937 2195 1088 2228 milibus
1107 2195 1339 2238 Madviyius:
1356 2205 1459 2227 xxva
1473 2195 1512 2226 A.
1560 2231 1563 2233 ‚

163 2250 204 2281 19
244 2246 397 2290 reliquit
422 2249 455 2279 1:
488 2244 650 2288 reliquid
682 2248 723 2286 P,
757 2243 936 2287 relinquit
960 2245 1031 2284 BL,
1063 2241 1251 2285 relinquid
1278 2245 1304 2274 F
1333 2253 1376 2275 m.
1393 2251 1452 2285 pr.
1473 2243 1511 2274 V.

161 2298 206 2328 20
235 2293 441 2338 amborum]
477 2293 648 2326 arborum
675 2295 710 2326 P.
816 2291 918 2335 usus]
949 2301 1034 2324 usos
1067 2293 1102 2323 P.
1227 2293 1269 2322 22
1299 2286 1515 2332 Bucephala

160 2342 306 2385 scripsi:
336 2340 586 2384 bucephalam
613 2344 641 2373 A
667 2338 896 2385 [bucefalum
922 2337 978 2383 V].
