1610 2522
83 435 119 464 11

82 612 122 642 12

82 852 122 880 13

82 1090 123 1118 14

82 1268 123 1297 15

81 1505 123 1535 16

79 1683 121 1713 17

152 135 237 175 314
658 138 697 176 Q,
726 134 868 169 CURTI
895 135 1006 169 RUFi

152 244 251 285 facti
297 259 373 298 per
417 243 584 285 obieeta
629 244 822 297 flumina,
867 259 941 298 per
980 247 1043 285 tot
1081 247 1256 285 naturae
1290 244 1507 286 obstantes

152 303 426 344 difficultates
479 304 661 344 secuturi
716 306 872 344 essent:
933 303 1195 345 abundantes
1247 306 1507 358 onustosque

151 363 306 417 praeda
332 363 467 418 magis
495 366 615 416 parta
642 363 724 403 frui
752 364 859 404 velle
887 377 1013 416 quam
1041 363 1300 416 adquirenda
1325 363 1507 419 fatigari.

151 421 249 463 Non
278 421 388 463 idem
417 421 498 463 sibi
527 425 567 463 et
599 422 807 463 militibus
839 422 986 463 animi:
1014 436 1104 464 sese
1130 423 1262 463 totius
1291 422 1405 463 orbis
1434 423 1508 463 im-

152 482 313 535 perium
363 484 503 522 mente
547 482 801 536 conplexum
847 481 985 523 adhuc
1029 483 1070 522 in
1117 496 1291 536 operum
1335 496 1507 523 suorum
1547 502 1561 528 5

151 541 386 595 primordio
415 544 537 593 stare,
571 541 751 582 militem
785 541 931 582 labore
959 541 1237 597 defetigatum
1264 542 1507 596 proximum

151 615 362 654 quemque
395 601 581 643 fructum
614 600 736 642 finito
764 601 933 641 tandem
961 602 1148 655 periculo
1176 604 1382 654 expetere.
1436 600 1507 641 Vi-

151 660 208 701 cit
240 675 340 716 ergo
374 660 529 714 cupido
563 661 782 709 rationem,
816 663 856 701 et
890 660 941 701 ad
975 661 1216 702 contionem
1244 660 1405 702 vocatis
1432 661 1507 701 mi-

150 720 296 760 litibus
325 720 376 760 ad
402 720 513 761 hunc
541 720 723 760 maxime
751 719 924 760 modum
952 720 1167 761 disseruit:
1203 719 1318 761 ‘Non
1345 720 1506 774 ignoro,
1529 725 1551 760 S

151 778 326 833 milites,
370 780 524 833 multa,
569 794 674 833 quae
717 783 874 820 terrere
913 794 987 820 vos
1025 782 1218 833 possent,
1263 779 1314 820 ab
1359 779 1508 820 incolis
1531 798 1562 823 ιο

150 837 294 879 Indiae
327 852 402 892 per
434 839 511 879 hos
546 839 633 879 dies
667 839 716 879 de
749 839 957 880 industria
991 854 1081 879 esse
1115 839 1285 879 iactata:
1318 838 1390 879 sed
1423 853 1509 880 non

152 902 215 938 est
254 899 470 952 inprovisa
511 898 630 939 vobis
667 899 958 940 mentientium
993 897 1168 939 vanitas.
1233 896 1302 938 Sic
1336 897 1508 940 Ciliciae

150 958 306 1010 fauces,
340 958 398 998 sie
420 957 756 1012 Mesopotamiae
784 972 967 1011 campos,
994 958 1157 1013 Tigrim
1185 960 1225 999 et
1246 957 1507 1012 Euphraten,

152 1032 331 1071 quorum
366 1017 546 1059 alterum
574 1018 680 1059 vado
714 1017 970 1071 transiimus,
1004 1018 1182 1058 alterum
1215 1021 1357 1071 ponte,
1389 1017 1506 1058 terri-

151 1076 257 1117 biles
290 1077 478 1118 fecerant
512 1076 673 1117 Persae.
726 1076 800 1117 Nil
832 1092 1034 1131 umquam
1069 1077 1120 1117 ad
1151 1076 1361 1131 liquidum
1394 1076 1507 1117 fama
1530 1095 1561 1120 15

151 1136 414 1189 perducitur:
476 1137 617 1177 omnia
670 1137 741 1177 illa
793 1137 984 1177 tradente
1036 1137 1197 1178 maiora
1248 1139 1346 1177 sunt
1396 1150 1506 1177 vero.

150 1195 310 1237 Nostra
343 1211 512 1250 quoque
545 1197 699 1252 gloria,
740 1210 835 1237 cum
869 1196 925 1236 sit
957 1210 1007 1236 ex
1041 1196 1195 1249 solido,
1237 1196 1333 1249 plus
1366 1199 1506 1236 tamen

151 1254 279 1296 habet
317 1256 502 1296 nominis
543 1270 668 1309 quam
709 1255 860 1310 operis.
923 1255 1051 1296 Modo
1091 1257 1184 1309 quis
1224 1254 1369 1296 beluas
1410 1255 1506 1296 offe-

150 1318 290 1356 rentes
323 1316 537 1356 moenium
573 1316 768 1369 speciem,
801 1316 895 1368 quis
923 1314 1168 1369 Hydaspem
1202 1329 1380 1367 amnem,
1414 1315 1508 1367 quis

149 1378 287 1415 cetera
320 1375 469 1415 auditu
502 1375 658 1415 maiora
695 1390 821 1428 quam
854 1389 952 1415 vero
987 1375 1186 1415 sustineri
1218 1388 1342 1428 posse
1369 1374 1507 1415 crede-
1529 1392 1561 1417 20

150 1433 252 1474 bati>
285 1432 410 1487 Olim,
437 1434 642 1486 hercules,
668 1434 926 1489 fugissemus
953 1449 1003 1474 ex
1032 1433 1146 1487 Asia,
1173 1434 1209 1474 si
1235 1447 1312 1474 nos
1337 1433 1507 1474 fabulae

151 1493 361 1535 debellare
401 1494 651 1547 potuissent.
717 1493 952 1535 Creditisne
995 1493 1318 1547 elephantorum
1357 1507 1507 1548 greges

150 1554 332 1593 maiores
365 1567 466 1606 esse,
501 1568 625 1607 quam
660 1568 839 1607 usquam
873 1556 1161 1594 armentorum
1195 1555 1305 1605 sunt,
1338 1566 1433 1592 cum
1467 1559 1507 1592 et

149 1627 291 1652 rarum
332 1613 386 1653 sit
428 1613 584 1653 animal
617 1627 692 1654 nec
725 1612 847 1653 facile
881 1613 1072 1666 capiatur
1104 1612 1325 1665 multoque
1359 1611 1507 1652 diffiei-

149 1671 231 1712 lius
265 1671 514 1726 mitigetur?
578 1672 713 1725 Atqui
754 1672 899 1713 eadem
939 1673 1103 1713 vanitas
1142 1672 1285 1725 copias
1315 1670 1506 1725 peditum
1529 1688 1560 1714 2⁶

245 1782 264 1809 2
292 1776 542 1822 abundantes]
571 1776 828 1811 habundantes
855 1781 894 1811 V*
995 1779 1221 1820 onustosque
1247 1780 1279 1809 1:
1313 1776 1505 1810 bonustos-

150 1835 221 1867 que
248 1827 287 1857 A.
406 1829 425 1857 3
453 1824 686 1867 adquirenda
713 1825 934 1859 Frobem'us:
964 1824 1203 1868 adquerenda
1229 1827 1267 1857 A.
1380 1828 1400 1857 4
1427 1833 1506 1857 sese

150 1873 296 1915 scripsi:
325 1882 404 1905 esse
431 1875 469 1904 A.
593 1872 724 1917 totius]
752 1872 872 1906 tocius
900 1876 935 1907 F.
1060 1876 1078 1905 6
1106 1871 1249 1917 labore]
1280 1870 1444 1905 laborem
1469 1874 1504 1904 P.

152 1922 169 1952 7
191 1919 359 1964 tandem]
380 1921 521 1953 tantem
539 1923 568 1952 G.
646 1920 834 1965 expetere]
856 1930 988 1963 expete
1003 1922 1028 1952 B
1049 1931 1162 1963 mpr.
1239 1922 1258 1953 8
1280 1918 1505 1964 contionem]

150 1967 364 2001 concionem
384 1970 419 2000 L.
497 1970 516 2000 9
545 1967 736 2012 disseruit]
758 1967 922 2001 deseruit
941 1971 980 2000 V.
1065 1970 1107 2001 10
1128 1966 1294 2011 possent]
1315 1967 1447 2010 posent
1467 1969 1504 1999 1..

152 2018 193 2048 13
222 2014 530 2059 Mesopotamiae]
558 2015 841 2058 mesopitamiae
862 2018 900 2048 V.
977 2014 1136 2059 Tigrim]
1163 2013 1302 2058 tygrim
1324 2017 1356 2046 C.
1434 2013 1506 2046 Eu-

149 2062 324 2107 phraten]
347 2061 515 2095 eufraten
537 2066 571 2095 P.
650 2066 692 2095 14
719 2062 935 2096 transiimus
961 2066 1002 2095 P:
1032 2061 1270 2096 transivimus
1298 2064 1330 2093 C.
1400 2059 1505 2094 terri-

151 2109 244 2143 biles
277 2110 483 2144 Bentleius:
512 2108 718 2143 terribilem
745 2113 783 2142 A.
898 2114 940 2143 15
968 2109 1045 2143 Nil
1070 2119 1248 2153 umquam
1277 2108 1503 2142 Danasteius:

150 2168 352 2200 numquam
380 2160 419 2191 A.
497 2161 536 2191 17
566 2156 702 2202 gloria]
729 2156 871 2201 gloriae
899 2161 931 2190 C.
1009 2160 1051 2190 19
1079 2156 1257 2201 speciem]
1285 2155 1442 2199 spetiem
1469 2159 1503 2188 1..

150 2203 365 2248 Hydaspem
388 2205 616 2239 Letellerius:
639 2204 835 2248 hidaspem
857 2207 885 2236 A
912 2204 1111 2249 [hidaspen
1132 2204 1188 2249 VJ.
1265 2207 1308 2236 20
1330 2202 1505 2236 sustineri

150 2252 356 2286 Bentleius:
384 2252 565 2287 sustinere
592 2255 630 2286 A.
732 2255 772 2285 ‘21
802 2251 971 2286 hercules
999 2255 1041 2285 P:
1070 2249 1218 2285 hercule
1240 2255 1272 2284 c.
1347 2249 1504 2294 fugisse-

148 2299 245 2345 mus]
272 2299 470 2333 fuissemus
497 2303 536 2333 V.
684 2299 766 2344 nos]
793 2309 866 2333 non
886 2303 911 2331 P
943 2311 987 2333 m.
1013 2310 1068 2342 pr.
1218 2302 1261 2331 22
1288 2297 1504 2343 creditisne]

150 2346 299 2380 creditis
327 2358 392 2381 nec
414 2350 448 2380 P⁴
550 2350 592 2380 ‘23
622 2346 889 2391 armentorum]
917 2349 1143 2380 arma-torum
1170 2348 1206 2379 B.
1307 2349 1350 2378 ‘24
1377 2344 1504 2390 facile]

150 2393 270 2427 facere
297 2398 336 2428 V.
