1610 2522
68 769 103 794 10

66 1066 99 1091 15

66 1363 100 1388 20

420 106 753 141 HISTORIARUM
779 106 1062 140 ALEXANDRI
1089 106 1132 149 V,
1162 112 1190 140 1.
1404 107 1484 147 109

125 217 269 259 liberis
303 218 481 270 supplex
521 217 706 257 occurrit
743 215 891 257 urbem
932 230 1059 269 seque
1093 215 1259 257 dedens.
1325 214 1482 256 Gratus

125 277 329 317 adventus
363 277 452 317 eius
486 276 576 331 regi
608 276 708 316 fuit:
751 275 911 329 quippe
951 276 1095 330 magni
1135 276 1273 329 operis
1315 274 1480 315 obsidio

123 336 267 377 futura
299 339 386 376 erat
425 338 511 375 tam
544 335 734 375 munitae
773 334 902 375 urbis.
966 334 1034 375 Ad
1072 334 1154 376 hoc
1192 335 1257 375 vir
1289 334 1481 375 inlustris

122 399 164 437 et
208 410 335 436 manu
379 397 604 449 promptus
650 394 847 448 famaque
898 394 1025 435 etiam
1077 393 1274 448 proximo
1320 393 1482 448 proelio

126 454 304 496 celebris
338 457 379 495 et
407 457 567 495 ceteros
596 454 646 494 ad
674 453 933 494 deditionem
961 467 1036 494 suo
1064 453 1318 494 incitaturus
1346 468 1482 494 exem—

124 515 196 569 plo
219 514 452 554 videbatur.
515 512 653 568 Igitur
679 513 794 554 hunc
815 513 985 567 quidem
1008 512 1191 567 benigne
1219 526 1315 554 cum
1335 512 1482 554 liberis

125 574 300 628 excipit:
334 576 520 615 ceterum
555 572 761 626 quadrato
795 573 977 627 agmine,
1020 572 1133 625 quod
1166 573 1256 626 ipse
1290 571 1482 625 ducebat,

124 634 241 673 velut
274 633 315 673 111
349 633 483 674 aciem
517 633 638 684 irent,
671 632 835 686 ingredi
869 646 967 672 suos
1001 631 1130 672 iubet.
1194 631 1351 687 Magna
1383 646 1481 685 pars

123 692 463 745 Babyloniorum
496 691 744 732 constiterat
782 692 826 732 in
864 692 996 732 muris
1036 691 1159 731 avida
1198 691 1482 746 cognoscendi

123 766 284 793 novum
310 766 467 807 regem,
499 752 642 804 plures
670 750 839 792 obviam
867 750 1026 806 egressi
1059 753 1169 791 sunt.
1232 750 1349 791 Inter
1375 765 1481 804 quos

125 810 423 865 Bagophanes.
456 810 563 851 arcis
597 813 638 851 et
668 811 811 865 regiae
837 811 1041 863 pecuniae
1069 812 1223 863 custos,
1255 824 1308 850 ne
1341 809 1481 851 studio

120 885 143 910 a
184 870 355 911 Mazaeo
398 870 652 922 vinceretur,
696 873 835 911 totum
878 870 958 910 iter
999 869 1177 910 floribus
1223 870 1478 924 coronisque

120 932 409 971 constraverat
446 930 656 985 argenteis
699 928 904 970 altaribus
943 932 1126 983 utroque
1164 929 1296 971 latere
1340 929 1480 983 dispo-

120 990 224 1039 sitis,
276 1004 381 1043 quae
432 1003 517 1030 non
567 991 660 1029 ture
711 988 851 1041 modo,
902 988 975 1029 sed
1027 989 1224 1029 omnibus
1272 988 1475 1029 odoribus

120 1049 419 1090 cumulaverat.
483 1047 606 1089 Dona
638 1063 733 1089 eum
768 1048 1055 1101 sequebantur
1087 1062 1236 1103 greges
1269 1062 1471 1102 pecorum
1503 1065 1520 1088 ·.

119 1122 422 1161 equorumque⁷
448 1107 590 1148 leones
619 1122 788 1161 quoque
816 1110 857 1148 et
877 1107 1072 1161 pardales
1100 1108 1237 1148 caveis
1265 1108 1473 1161 praefere-

120 1167 284 1208 bantur.
347 1166 465 1222 Magi
498 1167 647 1208 deinde
681 1182 756 1207 suo
790 1181 907 1208 more
935 1181 1103 1207 carmen
1131 1170 1342 1219 canentes7
1375 1170 1475 1221 post
1505 1178 1547 1207 2⁵3

121 1227 198 1267 hos
240 1225 439 1267 Chaldaei
477 1225 901 1280 Babyloniorumque
938 1241 1025 1267 non
1065 1229 1181 1267 vates
1221 1226 1361 1279 modo,
1404 1227 1476 1267 sed

120 1286 247 1326 etiam
286 1285 468 1326 artifices
508 1300 606 1327 cum
644 1285 802 1327 fidibus
842 1286 908 1327 sui
946 1286 1114 1341 generis
1153 1285 1290 1326 ibant:
1328 1286 1476 1327 laudes

121 1345 166 1386 hi
209 1359 359 1400 regum
405 1359 552 1386 canere
597 1346 724 1398 soliti,
770 1343 972 1386 Chaldaei
1017 1345 1202 1386 siderum
1248 1348 1390 1386 motus
1436 1349 1476 1386 et

120 1406 252 1445 statas
308 1405 420 1446 vices
478 1407 719 1458 temporum
776 1404 1007 1446 ostendere.
1094 1404 1274 1458 Equites
1327 1404 1476 1445 deinde
1507 1416 1548 1445 „5

120 1463 351 1518 Babylonii
393 1478 469 1505 suo
512 1478 804 1518 equorumque
845 1465 962 1505 cultu
1002 1464 1054 1505 ad
1085 1464 1301 1505 luxuriam
1340 1464 1476 1519 magis

121 1537 249 1577 quam
297 1523 350 1563 ad
392 1523 758 1578 magnificentiam
801 1526 950 1564 exacto
992 1524 1135 1564 ultimi
1185 1523 1315 1564 ibant.
1386 1522 1477 1564 Rex

123 1583 297 1623 armatis
346 1583 528 1637 stipatus
572 1582 883 1636 oppidanorum
934 1583 1104 1624 turbam
1154 1586 1253 1637 post
1302 1582 1478 1624 ultimos

217 1752 233 1780 1
270 1746 441 1791 supplex]
487 1746 616 1790 suplex
647 1750 688 1780 V.
836 1751 854 1781 3
901 1746 1027 1781 futura
1068 1749 1164 1781 erat
1200 1750 1232 1780 1:
1278 1746 1403 1781 futura
1438 1750 1477 1780 A.

120 1798 139 1826 4
167 1794 377 1840 promptus]
404 1796 524 1841 &ptus
550 1798 592 1837 L,
624 1804 791 1842 ‹pprecus
817 1798 856 1827 V.
979 1794 1153 1838 famaque
1181 1798 1219 1827 C:
1254 1794 1426 1838 fameque
1452 1798 1478 1827 P

118 1853 163 1875 m.
179 1853 238 1886 pr.
338 1845 358 1874 5
386 1841 630 1887 deditionem]
658 1841 837 1876 ditionem
863 1845 899 1875 P.
1005 1853 1070 1876 suo
1097 1841 1326 1876 Damstce'us:
1355 1842 1411 1876 sui
1438 1845 1476 1875 A.

121 1892 138 1921 7
167 1888 366 1934 quadrato]
399 1889 585 1932 quadratu
610 1893 636 1922 P
655 1901 700 1923 m.
716 1901 789 1933 pr„
821 1890 1003 1933 quadrat*
1024 1893 1060 1922 L.
1184 1892 1204 1923 8
1232 1889 1349 1923 aciem
1381 1890 1477 1923 irent

120 1936 290 1971 Modius:
318 1936 397 1970 acie
423 1937 585 1980 migrent
605 1939 634 1969 A
661 1937 777 1982 [atiac
795 1937 960 1982 migrans
980 1937 1036 1983 V].
1122 1940 1140 1969 9
1169 1936 1476 1982 Babyloniorum]

118 1983 419 2027 babylloniorum
439 1987 478 2017 V.
577 1984 701 2030 avida]
730 1984 841 2018 auido
861 1987 901 2018 V.
1002 1988 1043 2018 11
1073 1984 1336 2030 Bagophanes]
1363 1985 1475 2029 bago—

119 2031 224 2065 fanes
251 2033 389 2064 BFLP.
492 2035 533 2064 1²2
562 2031 713 2065 Mazaeo
739 2033 877 2066 Aldus:
904 2043 1030 2065 mazeo
1057 2035 1095 2064 A.
1200 2032 1287 2078 iter]
1314 2032 1412 2066 inter
1436 2036 1476 2073 V.

1512 584 1552 613 159

123 2082 164 2112 13
192 2078 457 2123 constraverat]
481 2081 718 2113 constauerat
736 2083 772 2112 P.
849 2083 892 2112 14
918 2080 1016 2125 ture]
1042 2079 1151 2113 thure
1170 2083 1210 2113 V.
1287 2083 1329 2112 15
1351 2091 1476 2114 cumu-
1539 2097 1542 2099 >

119 2125 276 2172 laverat]
303 2125 599 2160 cumululauerat
618 2130 654 2159 P.
728 2137 905 2170 pecorum
925 2138 991 2161 om.
1012 2130 1052 2160 V.
1134 2130 1176 2160 16
1205 2127 1341 2172 caveis]
1363 2138 1476 2161 cauae

119 2172 177 2207 his
203 2177 243 2207 V.
322 2176 365 2206 18
393 2172 586 2220 Chaldaei]
614 2173 733 2207 caldei
760 2177 785 2207 B
806 2186 849 2208 m.
867 2186 924 2217 pr.
945 2178 1016 2207 FL.
1096 2174 1474 2219 Babyloniorumque]

119 2219 496 2264 babylloniorumque
521 2224 561 2254 V.
662 2225 703 2255 19
731 2221 883 2267 fidibus]
910 2221 1082 2256 fidelibus
1102 2225 1141 2254 V.
1241 2221 1313 2267 sui]
1340 2222 1418 2255 sui*
1439 2225 1475 2255 P.

121 2271 165 2301 20
193 2266 385 2313 Chaldaei]
413 2267 556 2302 caldaei
581 2272 621 2301 V.
738 2273 780 2302 21
809 2271 926 2303 statas
953 2273 978 2302 P
998 2280 1134 2313 m.pr.:
1169 2271 1329 2303 statutas
1357 2274 1390 2310 C,
1415 2270 1477 2304 sed

120 2315 160 2347 in
185 2316 349 2360 τηαν-91910
379 2315 532 2350 additur
556 2315 617 2350 uel
650 2317 777 2350 statas.
901 2320 944 2350 22
977 2316 1190 2362 Babylonii]
1222 2316 1404 2350 babilonii
1438 2321 1475 2357 F.

119 2361 327 2405 babyllonii
352 2366 392 2404 V,
419 2363 603 2406 bibylonii
628 2366 664 2396 L.
773 2367 816 2397 24
844 2363 1131 2409 oppidanorum]
1165 2364 1408 2408 opidanorum
1436 2367 1475 2397 V.
