1610 2522
79 328 120 357 113

79 686 119 715 18

78 864 118 892 J‘J

151 87 234 128 194
652 91 691 129 Q,
720 86 743 120 ‹i'
752 86 862 120 URT]
889 85 1001 120 RUFI

147 197 220 237 das
266 211 387 237 aures
433 195 670 237 invocabat.
746 195 826 236 Per
870 195 1046 236 ultimos
1088 195 1237 236 deinde
1279 195 1506 249 cruciatus,

148 259 296 310 utpote
335 258 376 297 et
418 255 642 296 damnatus
685 258 726 296 et
766 254 950 296 inimicis
984 254 1026 295 in
1059 255 1241 309 gratiam
1276 255 1387 310 regis
1421 257 1504 296 tor-

149 315 390 370 quentibus,
422 315 642 357 laceratur.
694 313 757 354 Ac
778 314 929 368 primo,
963 328 1220 367 quamquam
1248 314 1348 355 hinc
1380 314 1504 369 igniS,

149 375 266 416 illinc
286 375 461 415 verbera
493 375 576 415 iam
610 388 695 415 non
722 373 772 413 ad
807 373 1112 427 quaestionem,
1146 373 1217 414 sed
1240 373 1291 413 ad
1324 388 1503 428 poenam

149 433 462 489 ingerebantur,
495 448 579 475 non
601 447 746 474 vocem
775 433 914 485 modo,
947 432 1019 473 sed
1052 432 1179 474 etiam
1213 433 1397 485 gemitus
1430 432 1503 473 ha·
1543 450 1558 475 5

107 520 113 535 .
150 494 241 534 buit
287 494 330 534 in
372 495 603 547 potestate:
645 492 718 533 sed
758 495 986 546 postquam
1021 492 1308 533 intumescens
1351 506 1504 546 corpus

149 552 364 594 ulceribus
397 551 666 608 flagellorum
689 551 798 593 ictus
830 552 955 593 nudis
977 551 1144 592 ossibus
1171 551 1363 593 incussos
1395 552 1505 593 ferre

148 628 230 654 non
277 614 463 667 poterat,
509 613 544 653 si
583 611 809 653 tormentis
849 610 1081 652 adhibituri
1134 610 1308 652 modum
1354 614 1505 664 essent,

148 672 361 713 dicturum
400 686 464 725 se,
505 685 610 725 quae
656 672 762 711 scire
808 672 1072 724 expeterent,
1116 670 1353 724 pollicetur.
1423 668 1504 711 Sed

147 732 275 772 finem
310 731 550 785 quaestioni
583 730 686 784 fore,
718 730 857 772 iurare
878 744 950 771 eos
971 744 1045 784 per
1064 728 1296 770 Alexandri
1323 729 1503 771 salutem
1526 747 1561 771 ιο

148 791 319 832 volebat
358 790 651 843 removerique
695 791 890 830 tortores.
952 788 1010 830 Et
1051 791 1232 843 utroque
1275 789 1504 843 inpetrato:

149 849 360 905 ‘Cratere‘,
392 850 552 903 inquit,
591 849 691 902 ε(Ιίο,
731 849 832 903 quid
866 863 932 889 me
965 848 1070 889 velis
1103 848 1268 890 dicere.’
1332 847 1412 889 Illo
1446 848 1507 889 'm-

147 910 351 965 dignante
394 909 603 950 ludificari
650 923 745 949 eum
789 923 1020 962 rursusque
1056 910 1280 949 revocante
1322 910 1507 949 tortores

147 972 317 1023 tempus
350 972 492 1024 petere
525 968 683 1022 coepit,
723 968 820 1009 dum
854 969 1061 1022 reciperet
1094 967 1310 1021 spiritum,
1344 969 1505 1021 cuncta,

82 1042 94 1057 Ἰ
147 1043 254 1083 quae
288 1028 427 1081 sciret,
460 1027 734 1069 indicaturus.
798 1026 976 1068 Interim
1004 1027 1180 1081 equites,
1212 1026 1505 1068 nobilissimus
1526 1043 1560 1068 15

147 1088 328 1142 quisque
373 1091 414 1128 et
452 1088 481 1128 ii
526 1087 729 1141 maxime,
774 1087 846 1140 qui
884 1086 1209 1128 Parmenionem
1265 1086 1506 1140 propinqua

147 1148 402 1203 cognatione
446 1146 772 1202 contingebant,
812 1150 1039 1201 postquam
1073 1145 1276 1187 Philotan
1313 1145 1504 1199 torqueri

145 1207 259 1248 fama
290 1207 551 1262 vulgaverat,
582 1207 720 1260 legem
742 1205 1022 1247 Macedonum
1048 1205 1185 1259 veriti,
1219 1219 1303 1258 qua
1334 1207 1505 1246 cautum

147 1269 254 1319 erat,
281 1269 328 1307 ut
354 1266 585 1320 propinqui
601 1280 767 1317 eorum,
800 1266 873 1319 qui
899 1265 988 1320 regi
1015 1264 1205 1306 insidiati
1232 1267 1383 1317 essent,
1409 1278 1505 1305 cum

148 1327 252 1380 ipsis
279 1328 543 1379 necarentur,
564 1325 637 1366 alii
664 1339 707 1366 se
726 1324 999 1379 interficiunt,
1019 1325 1091 1365 alii
1115 1325 1159 1365 in
1175 1323 1318 1365 devios
1339 1326 1505 1365 montes
1526 1341 1562 1365 ρο

147 1389 376 1439 vastasque
389 1384 641 1427 solitudines
655 1384 1184 1440 fugiuntingentipertota
1195 1386 1331 1424 castra
1345 1385 1505 1424 terrore

147 1445 323 1498 diffuso,
361 1445 492 1485 donec
532 1459 605 1485 rex
647 1443 835 1485 tumultu
875 1444 1048 1498 cognito
1084 1443 1221 1498 legem
1255 1457 1298 1483 se
1330 1443 1377 1484 (Ic
1409 1456 1505 1496 sup-

87 1518 95 1533 )
147 1504 278 1558 plicio
301 1505 627 1546 coniunctorum
649 1503 844 1544 sontibus
871 1502 1086 1544 remittere
1119 1501 1263 1543 edixit.
1313 1500 1505 1542 Philotas
1526 1506 1577 1542 43

149 1578 305 1604 verone
351 1578 405 1604 an
448 1563 668 1604 mendacio
712 1563 892 1604 liberare
934 1577 978 1603 se
1015 1577 1040 1604 a
1078 1561 1267 1603 cruciatu
1312 1560 1505 1614 voluerit,

148 1637 302 1677 anceps
347 1623 590 1664 coniectura
631 1626 713 1676 est,
755 1623 957 1676 quoniam
999 1624 1040 1663 et
1085 1635 1183 1662 vera
1228 1620 1432 1661 confessis
1464 1623 1505 1661 et
1524 1640 1560 1665 25

101 1703 117 1723 ·.
148 1682 255 1723 falsa
289 1682 527 1724 dicentibus
560 1681 670 1722 idem
704 1681 862 1723 doloris
888 1682 986 1722 finis
1007 1680 1256 1722 ostenditur.
1292 1678 1503 1721 Ceterum:

245 1876 260 1904 1
299 1870 485 1905 cruciatus
521 1875 553 1904 1:
592 1870 774 1904 cruciatos
811 1872 849 1903 A.
997 1873 1015 1903 2
1049 1868 1226 1914 gratiam]
1261 1867 1426 1912 graciam
1462 1871 1503 1901 V.

147 1923 166 1952 5
195 1919 325 1963 etiam]
353 1918 471 1952 eciam
497 1922 535 1951 V.
644 1921 660 1950 Τ
689 1917 872 1962 incussos]
898 1917 1046 1951 incusos
1072 1920 1096 1949 L
1119 1928 1161 1950 m.
1177 1927 1249 1960 pr„
1275 1915 1439 1949 incustos
1465 1918 1502 1948 P.

150 1969 191 1999 10
218 1966 311 2011 fore]
339 1965 414 1999 fere
441 1969 477 1999 P.
578 1969 620 1999 12
649 1964 797 1999 Cratero
824 1965 1033 2008 Zumptius:
1062 1965 1203 1997 cratero
1225 1966 1263 1996 A.
1363 1962 1502 2007 inquit]

149 2013 281 2057 inquid
307 2017 346 2046 V.
454 2016 496 2046 13
524 2013 623 2058 eum]
652 2024 734 2046 cum
760 2016 796 2045 P.
900 2012 1115 2056 rursusque]
1143 2022 1268 2044 rursus
1294 2013 1329 2043 P.
1428 2013 1502 2044 tor-

150 2061 263 2106 tores]
299 2064 457 2095 terrores
484 2064 518 2093 P.
651 2064 692 2094 16
723 2059 1020 2104 Parmenionem]
1056 2057 1357 2103 parmoenionem
1393 2059 1499 2091 BFV.

150 2112 189 2141 17
219 2108 456 2153 cognatione]
485 2107 711 2151 cognacione
738 2111 778 2149 V,
806 2106 1018 2151 cognitione
1045 2110 1080 2139 P.
1191 2104 1381 2149 Philotan]
1409 2104 1502 2149 phy-

146 2155 248 2189 lotan
269 2159 376 2189 BLV.
477 2159 521 2188 ‘20
548 2155 611 2189 alii
639 2156 692 2200 se]
720 2154 803 2188 aliis
831 2166 868 2188 se
888 2158 924 2188 P.
1001 2157 1043 2188 22
1071 2164 1109 2188 se
1132 2153 1180 2188 (le
1205 2153 1374 2194 Scheffer:
1404 2164 1440 2186 se
1461 2155 1501 2185 Δ.

148 2208 190 2236 :23
217 2203 399 2248 Philotas]
423 2202 598 2247 phylotas
624 2205 729 2235 BLV.
849 2206 891 2235 24
919 2201 1066 2246 verone]
1093 2211 1226 2235 uerene
1253 2204 1289 2233 F.
1400 2211 1501 2233 men-

147 2251 270 2295 dacio]
298 2250 488 2284 mendatio
509 2254 612 2283 FLP.
688 2250 742 2295 se]
765 2249 827 2284 sed
848 2253 882 2282 P.
963 2249 1000 2294 a]
1027 2249 1074 2282 ad
1095 2251 1120 2281 B
1142 2260 1185 2282 m.
1202 2260 1259 2293 pr.
1336 2250 1378 2280 25
1401 2247 1500 2292 vera]

146 2309 282 2332 neura
311 2301 346 2331 Β.
466 2301 508 2331 '26
536 2297 762 2344 ostenditur]
791 2298 825 2331 in
854 2301 880 2329 F
907 2296 991 2331 add.
1020 2295 1201 2330 confessio
1229 2293 1382 2340 philote,
1410 2306 1504 2338 quae

149 2346 250 2380 rerba
281 2347 315 2379 in
345 2348 369 2378 B
400 2347 434 2379 in
465 2347 626 2390 electryine
653 2357 674 2379 (1
702 2356 789 2380 corr.
819 2345 947 2379 addita
975 2349 1069 2378 sunt.
