1610 2522
74 288 116 319 24

73 526 117 556 ‘25

73 704 116 734 26

72 1715 115 1745 30

145 107 229 149 218
649 106 689 148 Q.
718 106 861 140 crim
890 106 914 140 R
925 106 1000 140 [ri

144 218 324 259 trecenis
358 216 604 271 nonageniS,
638 214 818 256 trecenis
852 214 940 256 vini
972 215 1326 257 aestimabantur:
1367 214 1495 256 tritici

145 276 253 317 nihil
292 279 365 317 aut
397 275 626 316 admodum
655 275 853 330 exiguum
883 274 1182 328 reperiebatur.
1228 273 1345 315 Siros
1379 289 1497 316 voca-

144 337 247 377 bant
280 335 466 388 barbari,
506 348 611 388 quos
651 333 711 375 ita
752 333 944 375 sollerter
976 333 1264 386 abscondunt,
1304 337 1369 386 ut,
1414 333 1495 374 nisi

145 396 217 449 qui
252 394 521 446 defoderunt,
559 393 748 435 invenire
781 408 867 434 non
900 393 1082 447 possint:
1128 393 1169 433 in
1203 393 1270 434 his
1303 392 1496 434 conditae

145 455 286 509 fruges
335 456 465 495 erant.
553 452 602 493 In
648 467 826 507 quarum
870 453 1047 506 penuria
1091 452 1248 494 milites
1300 452 1497 494 fluviatili
1537 477 1551 493 t»

145 516 259 568 pisce
293 517 335 554 et
375 512 519 555 herbis
558 512 889 553 sustinebantur.
952 510 1126 565 Iamque
1164 512 1268 553 haec
1301 511 1393 566 ipsa
1425 511 1496 552 ali-

146 577 287 614 menta
330 572 587 626 defecerant,
633 585 727 612 cum
762 571 967 620 iumenta,
1011 571 1164 625 quibus
1199 586 1327 612 onera
1358 575 1496 625 porta-

144 634 260 685 bant,
293 632 464 673 caedere
497 631 601 672 iussi
629 633 746 672 sunt:
781 630 932 672 horum
966 645 1104 684 carne,
1135 630 1234 671 dum
1268 631 1312 671 in
1338 630 1496 672 Bactri-

144 707 246 733 anos
280 694 531 745 perventum
564 694 637 744 est,
675 692 839 731 traxere
872 690 1015 731 vitam.
1079 690 1327 731 Bactrianae
1359 692 1496 731 terrae
1519 691 1567 728 18

145 752 368 804 multiplex
410 753 451 791 et
489 749 606 791 varia
644 753 795 790 natura
835 751 908 791 est.
972 748 1088 790 Alibi
1126 748 1260 790 multa
1297 748 1424 791 arbor
1457 752 1552 791 etio

143 811 242 852 vitis
275 812 417 865 largos
450 810 659 864 mitesque
679 810 844 850 fructus
876 808 966 861 alit,
998 808 1136 850 solum
1169 809 1328 863 pingue
1361 808 1497 850 crebri

143 870 282 911 fontes
314 870 472 925 rigant,
515 883 622 924 quae
660 868 832 909 mitiora
863 870 982 921 sunt,
1023 868 1238 909 frumento
1272 882 1498 910 conserun-

143 933 225 983 tur,
258 933 395 971 cetera
424 932 711 970 armentorum
732 927 890 982 pabulo
918 927 1083 970 cedunt.
1121 926 1322 982 Magnam
1349 926 1498 968 deinde

143 992 306 1043 partem
345 988 534 1030 eiusdem
573 991 710 1029 terrae
749 987 914 1028 steriles
952 986 1133 1028 harenae
1165 989 1331 1028 tenent:
1375 1001 1495 1040 squa—

142 1048 230 1089 lida
271 1048 461 1089 siccitate
507 1047 625 1101 regio
665 1060 752 1088 non
793 1046 1030 1099 hominem,
1071 1061 1156 1087 non
1197 1046 1363 1101 frugem
1409 1045 1496 1086 alit.
1519 1063 1551 1088 15

145 1107 251 1149 Cum
285 1122 383 1148 vero
423 1107 537 1149 venti
571 1121 593 1147 a
627 1106 806 1147 Pontico
839 1107 945 1146 mari
979 1106 1155 1160 spirant,
1197 1105 1403 1160 quidquid
1436 1120 1495 1146 sa-

142 1166 233 1208 buli
261 1167 302 1207 in
338 1167 499 1220 campis
533 1166 654 1219 iacet,
687 1168 962 1207 converrunt:
997 1165 1113 1219 quod
1139 1165 1212 1205 ubi
1234 1164 1495 1206 cumulatum

143 1229 218 1280 est,
259 1240 511 1282 magnorum
556 1225 730 1267 collium
763 1225 910 1278 procul
951 1225 1112 1279 species
1151 1227 1231 1277 est,
1270 1224 1497 1278 omniaque

142 1286 314 1340 pristini
347 1286 512 1327 itineris
548 1285 730 1340 vestigia
762 1284 987 1325 intereunt.
1050 1282 1218 1338 Itaque,
1260 1283 1332 1337 qui
1365 1287 1498 1324 trans-

143 1348 245 1386 eunt
284 1359 473 1399 campos,
512 1344 806 1400 navigantium
846 1343 972 1384 modo
1014 1347 1144 1384 noctu
1177 1343 1313 1384 sidera
1357 1343 1498 1384 obser·
1518 1360 1552 1384 ρο

143 1408 255 1458 vant,
288 1405 340 1445 ad
368 1419 550 1458 quorum
574 1417 741 1445 cursum
776 1403 856 1444 iter
883 1403 1089 1458 dirigunt:
1124 1406 1164 1443 et
1191 1402 1496 1457 propemodum

71 1485 80 1492 ·
141 1465 296 1506 clarior
320 1467 383 1505 est
413 1464 550 1505 noctis
574 1463 725 1504 umbra
751 1477 878 1516 quam
899 1461 984 1503 luX.
1028 1462 1145 1517 Ergo
1173 1462 1358 1502 interdiu
1384 1461 1497 1502 invia

143 1528 204 1564 est
238 1524 368 1578 regio,
400 1523 500 1577 quia
521 1537 595 1564 nec
610 1522 851 1578 vestigium,
879 1521 992 1576 quod
1013 1524 1256 1575 sequantur,
1276 1520 1497 1562 inveniunt

143 1587 183 1624 et
225 1583 340 1624 nitor
379 1582 562 1624 siderum
613 1581 795 1637 caligine
847 1581 1134 1623 absconditur.
1214 1580 1410 1621 Ceterum
1462 1580 1494 1620 si

143 1657 249 1697 quos
289 1642 360 1683 ille
400 1645 567 1695 ventus,
614 1642 687 1695 qui
729 1656 751 1681 a
798 1641 905 1681 mari
949 1640 1157 1693 exoritur,
1208 1639 1496 1694 deprehendit,
1518 1657 1550 1682 25

142 1703 299 1743 harena
333 1701 487 1743 obruit.
533 1700 627 1751 Sed,
660 1715 743 1754 qua
769 1700 915 1741 mitior
935 1702 1047 1740 terra
1075 1703 1149 1753 est,
1181 1700 1331 1755 ingens
1363 1699 1492 1740 homi-

240 1799 255 1828 1
283 1794 439 1828 trecenis
461 1794 677 1839 nonagenis,
699 1793 857 1828 trecenis
874 1793 1096 1827 Frobenius:
1123 1804 1299 1826 cccxcccc
1318 1796 1351 1835 c,
1374 1804 1436 1825 ccc
1464 1804 1489 1824 κ

143 1854 206 1876 ccc
225 1845 261 1875 P.
326 1846 344 1876 2
361 1842 440 1887 aut]
462 1842 562 1876 haud
582 1845 618 1875 P.
688 1840 958 1886 reperiebat-ur]
978 1839 1258 1885 repperiebatur
1272 1843 1307 1872 P.
1380 1838 1495 1884 Siros]

142 1901 244 1934 syros
272 1892 379 1922 BFV.
478 1893 498 1923 4
526 1889 706 1933 invenire]
733 1887 893 1922 inueniri
919 1891 991 1921 LV.
1091 1887 1251 1933 possint]
1277 1888 1432 1931 possunt
1458 1890 1494 1919 F.

143 1942 162 1971 5
190 1936 375 1983 fluviatili]
403 1936 590 1970 fluuiatibi
615 1940 651 1970 P.
775 1940 794 1968 6
821 1934 960 1981 herbis]
989 1934 1085 1969 erbis
1111 1939 1151 1968 V.
1278 1938 1295 1967 7
1323 1945 1435 1968 onera
1461 1937 1493 1967 1:

142 1984 281 2019 honera
300 1987 339 2017 A.
417 1988 435 2018 9
463 1986 679 2028 perventum
701 1987 762 2017 est
780 1984 926 2027 scripsi:
948 1983 1169 2026 peruentum
1189 1985 1228 2016 A.
1305 1986 1346 2015 11
1369 1981 1494 2015 mites-

142 2032 230 2078 que]
257 2032 457 2075 mittesque
477 2035 513 2065 P.
588 2031 743 2076 pingue]
771 2031 883 2076 pigne
908 2033 934 2062 P
963 2042 1004 2064 m.
1020 2041 1093 2074 pr..
1119 2030 1230 2075 pinge
1254 2031 1347 2062 BFL
1376 2040 1494 2072 m.pr.

145 2083 186 2114 1‘2
207 2079 371 2125 mitiora]
392 2079 545 2113 miciora
561 2082 665 2112 LPV.
738 2081 778 2111 13
801 2077 952 2123 cedunt]
971 2077 1142 2112 cedent?
1165 2089 1206 2111 m.
1222 2088 1282 2121 pr.
1359 2080 1402 2110 14
1423 2079 1494 2110 ste-

141 2127 227 2161 riles
255 2131 286 2160 1:
316 2126 452 2161 sterilis
473 2129 511 2160 A.
604 2125 781 2171 harenae]
808 2135 943 2159 arenae
963 2127 1067 2158 LPV.
1151 2128 1192 2158 15
1220 2123 1338 2170 regio]
1359 2123 1437 2169 regi
1457 2127 1494 2156 P.

144 2178 185 2208 16
208 2174 328 2208 sabuli
350 2175 490 2209 Lauer:
520 2172 649 2218 pabuli
676 2177 709 2213 C,
736 2172 849 2217 paulo
868 2175 904 2205 P.
1006 2175 1046 2206 17
1075 2171 1309 2217 converrunt]
1331 2181 1494 2206 comuer-

141 2225 226 2255 runt
248 2226 284 2255 P.
383 2221 462 2267 ubi]
489 2220 557 2255 ulli
577 2225 613 2254 P.
714 2224 756 2254 18
784 2219 939 2265 species]
966 2219 1103 2264 speties
1124 2223 1160 2252 F.
1260 2222 1302 2252 ‘22
1330 2218 1493 2253 interdiu

141 2270 240 2303 invia
276 2270 416 2304 Lauer:
453 2269 655 2303 interdium
690 2267 753 2301 uia
785 2271 827 2309 P,
862 2267 965 2301 indie
997 2267 1101 2300 inuia
1135 2270 1166 2299 c.
1314 2268 1358 2300 23
1390 2265 1492 2311 quia]

142 2317 228 2360 quia
257 2317 344 2360 quia
364 2320 399 2354 P.
428 2316 515 2360 quia
542 2316 606 2360 qui
632 2318 739 2348 BLV.
827 2319 870 2348 ⁴25
899 2314 1161 2360 deprehendit]
1189 2313 1435 2357 deprahendit
1456 2316 1494 2346 F.

141 2368 185 2397 ‘36
212 2364 367 2410 harena]
394 2364 530 2397 harene
557 2367 592 2405 P,
620 2373 728 2397 arena
756 2365 795 2396 V.
