<?xml version="1.0" encoding="UTF-8"?>
<!DOCTYPE html PUBLIC "-//W3C//DTD XHTML 1.0 Transitional//EN"
    "http://www.w3.org/TR/xhtml1/DTD/xhtml1-transitional.dtd">
<html xmlns="http://www.w3.org/1999/xhtml" xml:lang="en" lang="en">
 <head>
  <title>
</title>
<meta http-equiv="Content-Type" content="text/html;charset=utf-8" />
  <meta name='ocr-system' content='tesseract 3.04.00' />
  <meta name='ocr-capabilities' content='ocr_page ocr_carea ocr_par ocr_line ocrx_word'/>
</head>
<body>
  <div class='ocr_page' id='page_1' title='image "./historiaealexand00curtuoft_0027.png"; bbox 0 0 1610 2522; ppageno 0'>
   <div class='ocr_carea' id='block_1_1' title="bbox 330 60 1420 102">
    <p class='ocr_par' dir='ltr' id='par_1_1' title="bbox 330 60 1420 102">
     <span class='ocr_line' id='line_1_1' title="bbox 330 60 1420 102; baseline -0.002 -6"><span class='ocrx_word' id='word_1_1' title='bbox 330 61 662 96; x_wconf 72' lang='lat' dir='ltr'>HISTORIARUM</span> <span class='ocrx_word' id='word_1_2' title='bbox 691 60 970 95; x_wconf 73' lang='lat' dir='ltr'>ALEXANDRI</span> <span class='ocrx_word' id='word_1_3' title='bbox 998 62 1055 100; x_wconf 73' lang='lat' dir='ltr'>HJ.</span> <span class='ocrx_word' id='word_1_4' title='bbox 1083 66 1114 95; x_wconf 82' lang='grc'>3.</span> <span class='ocrx_word' id='word_1_5' title='bbox 1136 66 1166 95; x_wconf 80' lang='lat'>4.</span> <span class='ocrx_word' id='word_1_6' title='bbox 1370 62 1420 102; x_wconf 77' lang='grc'>13</span> 
     </span>
    </p>
   </div>
   <div class='ocr_carea' id='block_1_2' title="bbox 22 170 1424 761">
    <p class='ocr_par' dir='ltr' id='par_1_2' title="bbox 22 170 1424 761">
     <span class='ocr_line' id='line_1_2' title="bbox 75 170 1420 225; baseline -0.001 -12"><span class='ocrx_word' id='word_1_7' title='bbox 75 172 215 214; x_wconf 82' lang='lat' dir='ltr'>fauces</span> <span class='ocrx_word' id='word_1_8' title='bbox 249 171 527 225; x_wconf 86' lang='lat' dir='ltr'>munimenta,</span> <span class='ocrx_word' id='word_1_9' title='bbox 567 185 673 225; x_wconf 81' lang='lat' dir='ltr'>quae</span> <span class='ocrx_word' id='word_1_10' title='bbox 707 186 832 212; x_wconf 87' lang='lat' dir='ltr'>manu</span> <span class='ocrx_word' id='word_1_11' title='bbox 867 171 1083 225; x_wconf 91' lang='lat' dir='ltr'>ponimus,</span> <span class='ocrx_word' id='word_1_12' title='bbox 1120 170 1303 212; x_wconf 85' lang='lat' dir='ltr'>naturali</span> <span class='ocrx_word' id='word_1_13' title='bbox 1337 171 1420 211; x_wconf 82' lang='lat' dir='ltr'>situ</span> 
     </span>
     <span class='ocr_line' id='line_1_3' title="bbox 78 230 1422 286; baseline -0.002 -13"><span class='ocrx_word' id='word_1_14' title='bbox 78 232 300 273; x_wconf 75' lang='lat' dir='ltr'>imitantes,</span> <span class='ocrx_word' id='word_1_15' title='bbox 370 230 508 286; x_wconf 85' lang='lat' dir='ltr'>Igitur</span> <span class='ocrx_word' id='word_1_16' title='bbox 542 230 758 284; x_wconf 78' lang='lat' dir='ltr'>Arsames,</span> <span class='ocrx_word' id='word_1_17' title='bbox 798 231 869 284; x_wconf 84' lang='lat' dir='ltr'>qui</span> <span class='ocrx_word' id='word_1_18' title='bbox 905 230 1075 272; x_wconf 76' lang='lat' dir='ltr'>Ciliciae</span> <span class='ocrx_word' id='word_1_19' title='bbox 1115 233 1324 284; x_wconf 86' lang='lat' dir='ltr'>praeerat,</span> <span class='ocrx_word' id='word_1_20' title='bbox 1363 245 1422 270; x_wconf 84' lang='lat' dir='ltr'>re-</span> 
     </span>
     <span class='ocr_line' id='line_1_4' title="bbox 76 289 1422 346; baseline -0.001 -15"><span class='ocrx_word' id='word_1_21' title='bbox 76 294 249 346; x_wconf 86' lang='lat' dir='ltr'>putans,</span> <span class='ocrx_word' id='word_1_22' title='bbox 292 290 393 344; x_wconf 83' lang='lat' dir='ltr'>quid</span> <span class='ocrx_word' id='word_1_23' title='bbox 432 290 554 331; x_wconf 88' lang='lat' dir='ltr'>initio</span> <span class='ocrx_word' id='word_1_24' title='bbox 595 290 695 330; x_wconf 88' lang='lat' dir='ltr'>belli</span> <span class='ocrx_word' id='word_1_25' title='bbox 735 290 904 332; x_wconf 82' lang='lat' dir='ltr'>Memno</span> <span class='ocrx_word' id='word_1_26' title='bbox 944 290 1163 344; x_wconf 82' lang='lat' dir='ltr'>suasisset,</span> <span class='ocrx_word' id='word_1_27' title='bbox 1209 289 1422 343; x_wconf 88' lang='lat' dir='ltr'>quondam</span> 
     </span>
     <span class='ocr_line' id='line_1_5' title="bbox 74 349 1422 403; baseline -0.002 -11"><span class='ocrx_word' id='word_1_28' title='bbox 74 351 242 392; x_wconf 86' lang='lat' dir='ltr'>salubre</span> <span class='ocrx_word' id='word_1_29' title='bbox 282 349 505 391; x_wconf 87' lang='lat' dir='ltr'>consilium</span> <span class='ocrx_word' id='word_1_30' title='bbox 551 364 643 390; x_wconf 88' lang='lat' dir='ltr'>sero</span> <span class='ocrx_word' id='word_1_31' title='bbox 690 350 839 403; x_wconf 78' lang='lat' dir='ltr'>exequi</span> <span class='ocrx_word' id='word_1_32' title='bbox 884 350 1051 391; x_wconf 87' lang='lat' dir='ltr'>statuit:</span> <span class='ocrx_word' id='word_1_33' title='bbox 1095 350 1184 403; x_wconf 88' lang='lat' dir='ltr'>igni</span> <span class='ocrx_word' id='word_1_34' title='bbox 1225 350 1422 403; x_wconf 85' lang='lat' dir='ltr'>ferroque</span> 
     </span>
     <span class='ocr_line' id='line_1_6' title="bbox 39 408 1423 463; baseline -0.001 -12"><span class='ocrx_word' id='word_1_35' title='bbox 39 428 54 452; x_wconf 84' lang='lat'>5</span> <span class='ocrx_word' id='word_1_36' title='bbox 76 410 266 451; x_wconf 79' lang='lat' dir='ltr'>Ciliciam</span> <span class='ocrx_word' id='word_1_37' title='bbox 300 412 454 462; x_wconf 83' lang='lat' dir='ltr'>vastat,</span> <span class='ocrx_word' id='word_1_38' title='bbox 493 411 539 449; x_wconf 90' lang='lat' dir='ltr'>ut</span> <span class='ocrx_word' id='word_1_39' title='bbox 572 408 686 450; x_wconf 88' lang='lat' dir='ltr'>hosti</span> <span class='ocrx_word' id='word_1_40' title='bbox 720 409 993 450; x_wconf 72' lang='lat' dir='ltr'>solitudinem</span> <span class='ocrx_word' id='word_1_41' title='bbox 1027 408 1172 462; x_wconf 81' lang='lat' dir='ltr'>faciat,</span> <span class='ocrx_word' id='word_1_42' title='bbox 1215 408 1423 463; x_wconf 83' lang='lat' dir='ltr'>quidquid</span> 
     </span>
     <span class='ocr_line' id='line_1_7' title="bbox 75 468 1422 524; baseline -0.002 -13"><span class='ocrx_word' id='word_1_43' title='bbox 75 470 168 511; x_wconf 77' lang='lat' dir='ltr'>usui</span> <span class='ocrx_word' id='word_1_44' title='bbox 207 471 349 524; x_wconf 88' lang='lat' dir='ltr'>potest</span> <span class='ocrx_word' id='word_1_45' title='bbox 388 483 495 522; x_wconf 84' lang='lat' dir='ltr'>esse,</span> <span class='ocrx_word' id='word_1_46' title='bbox 535 468 768 523; x_wconf 71' lang='lat' dir='ltr'>corrumpit</span> <span class='ocrx_word' id='word_1_47' title='bbox 808 468 948 510; x_wconf 87' lang='lat' dir='ltr'>sterile</span> <span class='ocrx_word' id='word_1_48' title='bbox 988 483 1035 510; x_wconf 86' lang='lat' dir='ltr'>ac</span> <span class='ocrx_word' id='word_1_49' title='bbox 1074 468 1232 509; x_wconf 87' lang='lat' dir='ltr'>nudum</span> <span class='ocrx_word' id='word_1_50' title='bbox 1273 468 1422 521; x_wconf 85' lang='lat' dir='ltr'>solum,</span> 
     </span>
     <span class='ocr_line' id='line_1_8' title="bbox 75 527 1423 583; baseline -0.001 -14"><span class='ocrx_word' id='word_1_51' title='bbox 75 529 186 583; x_wconf 87' lang='lat' dir='ltr'>quod</span> <span class='ocrx_word' id='word_1_52' title='bbox 214 529 322 570; x_wconf 88' lang='lat' dir='ltr'>tueri</span> <span class='ocrx_word' id='word_1_53' title='bbox 352 529 566 582; x_wconf 81' lang='lat' dir='ltr'>nequibat,</span> <span class='ocrx_word' id='word_1_54' title='bbox 599 528 822 569; x_wconf 87' lang='lat' dir='ltr'>relicturus</span> <span class='ocrx_word' id='word_1_55' title='bbox 898 527 978 569; x_wconf 69' lang='lat' dir='ltr'>Sed</span> <span class='ocrx_word' id='word_1_56' title='bbox 1005 528 1131 583; x_wconf 89' lang='lat' dir='ltr'>longe</span> <span class='ocrx_word' id='word_1_57' title='bbox 1158 527 1307 569; x_wconf 83' lang='lat' dir='ltr'>utilius</span> <span class='ocrx_word' id='word_1_58' title='bbox 1341 528 1423 568; x_wconf 88' lang='lat' dir='ltr'>fuit</span> 
     </span>
     <span class='ocr_line' id='line_1_9' title="bbox 75 586 1423 643; baseline -0.001 -13"><span class='ocrx_word' id='word_1_59' title='bbox 75 589 292 643; x_wconf 71' lang='lat' dir='ltr'>angustias</span> <span class='ocrx_word' id='word_1_60' title='bbox 325 588 477 641; x_wconf 84' lang='lat' dir='ltr'>aditus,</span> <span class='ocrx_word' id='word_1_61' title='bbox 519 588 591 641; x_wconf 84' lang='lat' dir='ltr'>qui</span> <span class='ocrx_word' id='word_1_62' title='bbox 626 586 814 628; x_wconf 84' lang='lat' dir='ltr'>Ciliciam</span> <span class='ocrx_word' id='word_1_63' title='bbox 851 588 1005 642; x_wconf 86' lang='lat' dir='ltr'>aperit,</span> <span class='ocrx_word' id='word_1_64' title='bbox 1044 587 1184 629; x_wconf 70' lang='lat' dir='ltr'>valido</span> <span class='ocrx_word' id='word_1_65' title='bbox 1219 602 1423 641; x_wconf 86' lang='lat' dir='ltr'>occupare</span> 
     </span>
     <span class='ocr_line' id='line_1_10' title="bbox 75 647 1423 703; baseline -0.001 -14"><span class='ocrx_word' id='word_1_66' title='bbox 75 648 285 703; x_wconf 85' lang='lat' dir='ltr'>praesidio</span> <span class='ocrx_word' id='word_1_67' title='bbox 332 649 563 703; x_wconf 87' lang='lat' dir='ltr'>iugumque</span> <span class='ocrx_word' id='word_1_68' title='bbox 608 651 848 702; x_wconf 73' lang='lat' dir='ltr'>opportune</span> <span class='ocrx_word' id='word_1_69' title='bbox 894 647 1035 688; x_wconf 88' lang='lat' dir='ltr'>itineri</span> <span class='ocrx_word' id='word_1_70' title='bbox 1081 648 1307 688; x_wconf 79' lang='lat' dir='ltr'>imminens</span> <span class='ocrx_word' id='word_1_71' title='bbox 1353 647 1423 688; x_wconf 89' lang='lat' dir='ltr'>ob-</span> 
     </span>
     <span class='ocr_line' id='line_1_11' title="bbox 22 706 1424 761; baseline -0.001 -12"><span class='ocrx_word' id='word_1_72' title='bbox 22 725 55 750; x_wconf 78' lang='grc' dir='ltr'>ιο</span> <span class='ocrx_word' id='word_1_73' title='bbox 74 708 221 756; x_wconf 83' lang='lat' dir='ltr'>tinere,</span> <span class='ocrx_word' id='word_1_74' title='bbox 264 707 373 748; x_wconf 89' lang='lat' dir='ltr'>unde</span> <span class='ocrx_word' id='word_1_75' title='bbox 406 707 568 748; x_wconf 90' lang='lat' dir='ltr'>inultus</span> <span class='ocrx_word' id='word_1_76' title='bbox 601 707 851 748; x_wconf 77' lang='lat' dir='ltr'>subeuntem</span> <span class='ocrx_word' id='word_1_77' title='bbox 885 707 1050 748; x_wconf 86' lang='lat' dir='ltr'>hostem</span> <span class='ocrx_word' id='word_1_78' title='bbox 1092 710 1163 747; x_wconf 86' lang='lat' dir='ltr'>aut</span> <span class='ocrx_word' id='word_1_79' title='bbox 1196 706 1424 761; x_wconf 88' lang='lat' dir='ltr'>prohibere</span> 
     </span>
    </p>
   </div>
   <div class='ocr_carea' id='block_1_3' title="bbox 75 766 1458 821">
    <p class='ocr_par' dir='ltr' id='par_1_3' title="bbox 75 766 1458 821">
     <span class='ocr_line' id='line_1_12' title="bbox 75 766 1458 821; baseline -0.002 -13"><span class='ocrx_word' id='word_1_80' title='bbox 75 770 147 808; x_wconf 87' lang='lat' dir='ltr'>aut</span> <span class='ocrx_word' id='word_1_81' title='bbox 193 767 432 821; x_wconf 82' lang='lat' dir='ltr'>opprimere</span> <span class='ocrx_word' id='word_1_82' title='bbox 476 766 701 820; x_wconf 71' lang='lat' dir='ltr'>potuisset:</span> <span class='ocrx_word' id='word_1_83' title='bbox 753 781 864 807; x_wconf 88' lang='lat' dir='ltr'>nunc</span> <span class='ocrx_word' id='word_1_84' title='bbox 909 767 1073 821; x_wconf 88' lang='lat' dir='ltr'>paucis,</span> <span class='ocrx_word' id='word_1_85' title='bbox 1128 767 1200 820; x_wconf 85' lang='lat' dir='ltr'>qui</span> <span class='ocrx_word' id='word_1_86' title='bbox 1247 766 1458 807; x_wconf 84' lang='lat' dir='ltr'>callibus.</span> 
     </span>
    </p>
   </div>
   <div class='ocr_carea' id='block_1_4' title="bbox 8 826 1428 2013">
    <p class='ocr_par' dir='ltr' id='par_1_4' title="bbox 8 826 1428 2013">
     <span class='ocr_line' id='line_1_13' title="bbox 76 826 1426 881; baseline -0.001 -14"><span class='ocrx_word' id='word_1_87' title='bbox 76 827 382 881; x_wconf 76' lang='lat' dir='ltr'>praesiderent,</span> <span class='ocrx_word' id='word_1_88' title='bbox 427 826 585 867; x_wconf 87' lang='lat' dir='ltr'>relictis</span> <span class='ocrx_word' id='word_1_89' title='bbox 631 829 743 868; x_wconf 87' lang='lat' dir='ltr'>retro</span> <span class='ocrx_word' id='word_1_90' title='bbox 791 826 879 880; x_wconf 81' lang='lat' dir='ltr'>ipse</span> <span class='ocrx_word' id='word_1_91' title='bbox 926 826 1152 877; x_wconf 76' lang='lat' dir='ltr'>concessit,</span> <span class='ocrx_word' id='word_1_92' title='bbox 1196 826 1426 880; x_wconf 87' lang='lat' dir='ltr'>populator</span> 
     </span>
     <span class='ocr_line' id='line_1_14' title="bbox 76 885 1424 941; baseline 0 -14"><span class='ocrx_word' id='word_1_93' title='bbox 76 890 222 937; x_wconf 71' lang='lat' dir='ltr'>terrae,</span> <span class='ocrx_word' id='word_1_94' title='bbox 252 900 378 939; x_wconf 87' lang='lat' dir='ltr'>quam</span> <span class='ocrx_word' id='word_1_95' title='bbox 400 901 423 926; x_wconf 86' lang='lat' dir='ltr'>a</span> <span class='ocrx_word' id='word_1_96' title='bbox 443 885 795 940; x_wconf 86' lang='lat' dir='ltr'>populationibus</span> <span class='ocrx_word' id='word_1_97' title='bbox 816 885 1030 927; x_wconf 65' lang='lat' dir='ltr'>vindicare</span> <span class='ocrx_word' id='word_1_98' title='bbox 1052 886 1241 926; x_wconf 77' lang='lat' dir='ltr'>debebat.</span> <span class='ocrx_word' id='word_1_99' title='bbox 1310 885 1424 941; x_wconf 83' lang='lat' dir='ltr'>Ergo</span> 
     </span>
     <span class='ocr_line' id='line_1_15' title="bbox 77 945 1424 1000; baseline -0.001 -14"><span class='ocrx_word' id='word_1_100' title='bbox 77 946 148 1000; x_wconf 84' lang='lat' dir='ltr'>qui</span> <span class='ocrx_word' id='word_1_101' title='bbox 183 945 318 986; x_wconf 84' lang='lat' dir='ltr'>relicti</span> <span class='ocrx_word' id='word_1_102' title='bbox 353 948 489 997; x_wconf 87' lang='lat' dir='ltr'>erant,</span> <span class='ocrx_word' id='word_1_103' title='bbox 528 946 720 999; x_wconf 85' lang='lat' dir='ltr'>proditos</span> <span class='ocrx_word' id='word_1_104' title='bbox 755 960 796 986; x_wconf 90' lang='lat' dir='ltr'>se</span> <span class='ocrx_word' id='word_1_105' title='bbox 830 945 909 985; x_wconf 86' lang='lat' dir='ltr'>rati</span> <span class='ocrx_word' id='word_1_106' title='bbox 944 960 995 985; x_wconf 91' lang='lat' dir='ltr'>ne</span> <span class='ocrx_word' id='word_1_107' title='bbox 1030 948 1303 999; x_wconf 87' lang='lat' dir='ltr'>conspectum</span> <span class='ocrx_word' id='word_1_108' title='bbox 1337 945 1424 999; x_wconf 84' lang='lat' dir='ltr'>qui-</span> 
     </span>
     <span class='ocr_line' id='line_1_16' title="bbox 24 1004 1426 1058; baseline -0.002 -11"><span class='ocrx_word' id='word_1_109' title='bbox 24 1023 55 1048; x_wconf 86' lang='lat'>15</span> <span class='ocrx_word' id='word_1_110' title='bbox 78 1006 170 1046; x_wconf 77' lang='lat' dir='ltr'>(lem</span> <span class='ocrx_word' id='word_1_111' title='bbox 222 1005 357 1045; x_wconf 83' lang='lat' dir='ltr'>hostis</span> <span class='ocrx_word' id='word_1_112' title='bbox 403 1004 609 1045; x_wconf 87' lang='lat' dir='ltr'>sustinere</span> <span class='ocrx_word' id='word_1_113' title='bbox 655 1005 897 1057; x_wconf 73' lang='lat' dir='ltr'>valuerunt,</span> <span class='ocrx_word' id='word_1_114' title='bbox 949 1019 1043 1046; x_wconf 85' lang='lat' dir='ltr'>cum</span> <span class='ocrx_word' id='word_1_115' title='bbox 1094 1006 1160 1045; x_wconf 76' lang='lat' dir='ltr'>vel</span> <span class='ocrx_word' id='word_1_116' title='bbox 1205 1004 1426 1058; x_wconf 72' lang='lat' dir='ltr'>pauciores</span> 
     </span>
     <span class='ocr_line' id='line_1_17' title="bbox 8 1063 1425 1119; baseline 0 -15"><span class='ocrx_word' id='word_1_117' title='bbox 8 1069 57 1105; x_wconf 88' lang='lat'>10</span> <span class='ocrx_word' id='word_1_118' title='bbox 77 1065 215 1106; x_wconf 85' lang='lat' dir='ltr'>locum</span> <span class='ocrx_word' id='word_1_119' title='bbox 263 1064 454 1106; x_wconf 88' lang='lat' dir='ltr'>obtinere</span> <span class='ocrx_word' id='word_1_120' title='bbox 498 1065 750 1118; x_wconf 82' lang='lat' dir='ltr'>potuissent.</span> <span class='ocrx_word' id='word_1_121' title='bbox 823 1063 1020 1118; x_wconf 82' lang='lat' dir='ltr'>Namque</span> <span class='ocrx_word' id='word_1_122' title='bbox 1065 1068 1271 1119; x_wconf 83' lang='lat' dir='ltr'>perpetuo</span> <span class='ocrx_word' id='word_1_123' title='bbox 1324 1064 1425 1119; x_wconf 86' lang='lat' dir='ltr'>iugo</span> 
     </span>
     <span class='ocr_line' id='line_1_18' title="bbox 78 1123 1426 1178; baseline -0.001 -13"><span class='ocrx_word' id='word_1_124' title='bbox 78 1124 234 1165; x_wconf 88' lang='lat' dir='ltr'>montis</span> <span class='ocrx_word' id='word_1_125' title='bbox 280 1125 417 1178; x_wconf 87' lang='lat' dir='ltr'>asperi</span> <span class='ocrx_word' id='word_1_126' title='bbox 462 1138 509 1164; x_wconf 86' lang='lat' dir='ltr'>ac</span> <span class='ocrx_word' id='word_1_127' title='bbox 553 1124 770 1178; x_wconf 88' lang='lat' dir='ltr'>praerupti</span> <span class='ocrx_word' id='word_1_128' title='bbox 818 1123 964 1165; x_wconf 85' lang='lat' dir='ltr'>Cilicia</span> <span class='ocrx_word' id='word_1_129' title='bbox 1010 1124 1257 1165; x_wconf 84' lang='lat' dir='ltr'>includitur:</span> <span class='ocrx_word' id='word_1_130' title='bbox 1312 1123 1426 1177; x_wconf 84' lang='lat' dir='ltr'>quod</span> 
     </span>
     <span class='ocr_line' id='line_1_19' title="bbox 78 1183 1426 1239; baseline -0.001 -14"><span class='ocrx_word' id='word_1_131' title='bbox 78 1199 174 1225; x_wconf 91' lang='lat' dir='ltr'>cum</span> <span class='ocrx_word' id='word_1_132' title='bbox 219 1199 242 1224; x_wconf 88' lang='lat' dir='ltr'>a</span> <span class='ocrx_word' id='word_1_133' title='bbox 286 1183 391 1224; x_wconf 83' lang='lat' dir='ltr'>mari</span> <span class='ocrx_word' id='word_1_134' title='bbox 435 1183 653 1239; x_wconf 78' lang='lat' dir='ltr'>adsurgat,</span> <span class='ocrx_word' id='word_1_135' title='bbox 698 1183 814 1224; x_wconf 76' lang='lat' dir='ltr'>velut</span> <span class='ocrx_word' id='word_1_136' title='bbox 860 1183 954 1224; x_wconf 86' lang='lat' dir='ltr'>sinu</span> <span class='ocrx_word' id='word_1_137' title='bbox 1000 1184 1182 1237; x_wconf 89' lang='lat' dir='ltr'>quodam</span> <span class='ocrx_word' id='word_1_138' title='bbox 1228 1183 1426 1237; x_wconf 78' lang='lat' dir='ltr'>flexuque</span> 
     </span>
     <span class='ocr_line' id='line_1_20' title="bbox 78 1242 1425 1284; baseline -0.001 0"><span class='ocrx_word' id='word_1_139' title='bbox 78 1247 298 1284; x_wconf 81' lang='lat' dir='ltr'>curvatum</span> <span class='ocrx_word' id='word_1_140' title='bbox 344 1258 488 1284; x_wconf 84' lang='lat' dir='ltr'>rursus</span> <span class='ocrx_word' id='word_1_141' title='bbox 528 1243 661 1284; x_wconf 87' lang='lat' dir='ltr'>altero</span> <span class='ocrx_word' id='word_1_142' title='bbox 703 1257 832 1284; x_wconf 87' lang='lat' dir='ltr'>cornu</span> <span class='ocrx_word' id='word_1_143' title='bbox 877 1243 917 1283; x_wconf 87' lang='lat' dir='ltr'>in</span> <span class='ocrx_word' id='word_1_144' title='bbox 959 1243 1171 1284; x_wconf 85' lang='lat' dir='ltr'>diversum</span> <span class='ocrx_word' id='word_1_145' title='bbox 1210 1242 1313 1283; x_wconf 89' lang='lat' dir='ltr'>litus</span> <span class='ocrx_word' id='word_1_146' title='bbox 1360 1258 1425 1284; x_wconf 73' lang='lat' dir='ltr'>ex-</span> 
     </span>
     <span class='ocr_line' id='line_1_21' title="bbox 24 1302 1425 1357; baseline -0.002 -12"><span class='ocrx_word' id='word_1_147' title='bbox 24 1321 57 1346; x_wconf 74' lang='lat'>20</span> <span class='ocrx_word' id='word_1_148' title='bbox 78 1303 218 1344; x_wconf 85' lang='lat' dir='ltr'>currit.</span> <span class='ocrx_word' id='word_1_149' title='bbox 281 1303 362 1343; x_wconf 85' lang='lat' dir='ltr'>Per</span> <span class='ocrx_word' id='word_1_150' title='bbox 399 1302 480 1344; x_wconf 89' lang='lat' dir='ltr'>hoc</span> <span class='ocrx_word' id='word_1_151' title='bbox 513 1302 704 1356; x_wconf 87' lang='lat' dir='ltr'>dorsum,</span> <span class='ocrx_word' id='word_1_152' title='bbox 747 1318 828 1357; x_wconf 84' lang='lat' dir='ltr'>qua</span> <span class='ocrx_word' id='word_1_153' title='bbox 862 1302 1043 1343; x_wconf 79' lang='lat' dir='ltr'>maxime</span> <span class='ocrx_word' id='word_1_154' title='bbox 1076 1303 1286 1344; x_wconf 84' lang='lat' dir='ltr'>introrsus</span> <span class='ocrx_word' id='word_1_155' title='bbox 1320 1302 1425 1343; x_wconf 89' lang='lat' dir='ltr'>mari</span> 
     </span>
     <span class='ocr_line' id='line_1_22' title="bbox 79 1362 1425 1416; baseline -0.001 -13"><span class='ocrx_word' id='word_1_156' title='bbox 79 1362 207 1410; x_wconf 86' lang='lat' dir='ltr'>cedit,</span> <span class='ocrx_word' id='word_1_157' title='bbox 246 1362 383 1416; x_wconf 85' lang='lat' dir='ltr'>asperi</span> <span class='ocrx_word' id='word_1_158' title='bbox 422 1365 508 1403; x_wconf 90' lang='lat' dir='ltr'>tres</span> <span class='ocrx_word' id='word_1_159' title='bbox 548 1362 687 1403; x_wconf 86' lang='lat' dir='ltr'>aditus</span> <span class='ocrx_word' id='word_1_160' title='bbox 727 1366 767 1403; x_wconf 89' lang='lat' dir='ltr'>et</span> <span class='ocrx_word' id='word_1_161' title='bbox 805 1362 1053 1416; x_wconf 79' lang='lat' dir='ltr'>perangusti</span> <span class='ocrx_word' id='word_1_162' title='bbox 1094 1365 1212 1415; x_wconf 87' lang='lat' dir='ltr'>sunt,</span> <span class='ocrx_word' id='word_1_163' title='bbox 1246 1376 1425 1416; x_wconf 88' lang='lat' dir='ltr'>quorum</span> 
     </span>
     <span class='ocr_line' id='line_1_23' title="bbox 77 1420 1425 1475; baseline -0.001 -13"><span class='ocrx_word' id='word_1_164' title='bbox 77 1436 162 1462; x_wconf 92' lang='lat' dir='ltr'>uno</span> <span class='ocrx_word' id='word_1_165' title='bbox 215 1421 362 1462; x_wconf 86' lang='lat' dir='ltr'>Cilicia</span> <span class='ocrx_word' id='word_1_166' title='bbox 413 1421 609 1463; x_wconf 81' lang='lat' dir='ltr'>intranda</span> <span class='ocrx_word' id='word_1_167' title='bbox 661 1424 734 1462; x_wconf 82' lang='lat' dir='ltr'>est.</span> <span class='ocrx_word' id='word_1_168' title='bbox 818 1420 1077 1475; x_wconf 78' lang='lat' dir='ltr'>Campestris</span> <span class='ocrx_word' id='word_1_169' title='bbox 1129 1422 1291 1467; x_wconf 80' lang='lat' dir='ltr'>eadem,</span> <span class='ocrx_word' id='word_1_170' title='bbox 1345 1436 1425 1475; x_wconf 77' lang='lat' dir='ltr'>qua</span> 
     </span>
     <span class='ocr_line' id='line_1_24' title="bbox 78 1481 1426 1537; baseline -0.001 -16"><span class='ocrx_word' id='word_1_171' title='bbox 78 1481 215 1537; x_wconf 74' lang='lat' dir='ltr'>vergit</span> <span class='ocrx_word' id='word_1_172' title='bbox 247 1481 298 1522; x_wconf 88' lang='lat' dir='ltr'>ad</span> <span class='ocrx_word' id='word_1_173' title='bbox 330 1496 456 1534; x_wconf 87' lang='lat' dir='ltr'>mare,</span> <span class='ocrx_word' id='word_1_174' title='bbox 495 1481 715 1535; x_wconf 86' lang='lat' dir='ltr'>planitiem</span> <span class='ocrx_word' id='word_1_175' title='bbox 749 1481 838 1521; x_wconf 89' lang='lat' dir='ltr'>eius</span> <span class='ocrx_word' id='word_1_176' title='bbox 872 1481 1031 1522; x_wconf 83' lang='lat' dir='ltr'>crebris</span> <span class='ocrx_word' id='word_1_177' title='bbox 1065 1481 1426 1536; x_wconf 74' lang='lat' dir='ltr'>distinguentibus</span> 
     </span>
     <span class='ocr_line' id='line_1_25' title="bbox 81 1539 1426 1595; baseline 0.001 -15"><span class='ocrx_word' id='word_1_178' title='bbox 81 1541 197 1582; x_wconf 87' lang='lat' dir='ltr'>rivis:</span> <span class='ocrx_word' id='word_1_179' title='bbox 237 1540 443 1595; x_wconf 74' lang='lat' dir='ltr'>Pyramus</span> <span class='ocrx_word' id='word_1_180' title='bbox 483 1544 524 1581; x_wconf 90' lang='lat' dir='ltr'>et</span> <span class='ocrx_word' id='word_1_181' title='bbox 563 1539 751 1594; x_wconf 69' lang='lat' dir='ltr'>Cydnus,</span> <span class='ocrx_word' id='word_1_182' title='bbox 792 1540 929 1581; x_wconf 87' lang='lat' dir='ltr'>incliti</span> <span class='ocrx_word' id='word_1_183' title='bbox 968 1555 1130 1593; x_wconf 90' lang='lat' dir='ltr'>amnes,</span> <span class='ocrx_word' id='word_1_184' title='bbox 1171 1541 1426 1581; x_wconf 66' lang='lat' dir='ltr'>interfluunt.</span> 
     </span>
     <span class='ocr_line' id='line_1_26' title="bbox 25 1598 1425 1654; baseline -0.001 -11"><span class='ocrx_word' id='word_1_185' title='bbox 25 1618 57 1643; x_wconf 70' lang='lat'>25</span> <span class='ocrx_word' id='word_1_186' title='bbox 81 1598 252 1653; x_wconf 67' lang='lat' dir='ltr'>Cydnus</span> <span class='ocrx_word' id='word_1_187' title='bbox 283 1614 370 1640; x_wconf 91' lang='lat' dir='ltr'>non</span> <span class='ocrx_word' id='word_1_188' title='bbox 403 1600 540 1653; x_wconf 87' lang='lat' dir='ltr'>spatio</span> <span class='ocrx_word' id='word_1_189' title='bbox 574 1614 790 1654; x_wconf 84' lang='lat' dir='ltr'>aquarum,</span> <span class='ocrx_word' id='word_1_190' title='bbox 823 1600 895 1640; x_wconf 87' lang='lat' dir='ltr'>sed</span> <span class='ocrx_word' id='word_1_191' title='bbox 928 1600 1094 1653; x_wconf 85' lang='lat' dir='ltr'>liquore</span> <span class='ocrx_word' id='word_1_192' title='bbox 1120 1600 1425 1642; x_wconf 78' lang='lat' dir='ltr'>memorabilis:</span> 
     </span>
     <span class='ocr_line' id='line_1_27' title="bbox 80 1659 1426 1713; baseline -0.001 -13"><span class='ocrx_word' id='word_1_193' title='bbox 80 1660 234 1713; x_wconf 84' lang='lat' dir='ltr'>quippe</span> <span class='ocrx_word' id='word_1_194' title='bbox 280 1659 365 1700; x_wconf 91' lang='lat' dir='ltr'>leni</span> <span class='ocrx_word' id='word_1_195' title='bbox 403 1662 542 1700; x_wconf 86' lang='lat' dir='ltr'>tractu</span> <span class='ocrx_word' id='word_1_196' title='bbox 587 1674 607 1700; x_wconf 91' lang='lat' dir='ltr'>e</span> <span class='ocrx_word' id='word_1_197' title='bbox 646 1659 838 1700; x_wconf 87' lang='lat' dir='ltr'>fontibus</span> <span class='ocrx_word' id='word_1_198' title='bbox 878 1659 1024 1700; x_wconf 86' lang='lat' dir='ltr'>labens</span> <span class='ocrx_word' id='word_1_199' title='bbox 1069 1675 1177 1713; x_wconf 89' lang='lat' dir='ltr'>puro</span> <span class='ocrx_word' id='word_1_200' title='bbox 1223 1660 1313 1701; x_wconf 89' lang='lat' dir='ltr'>solo</span> <span class='ocrx_word' id='word_1_201' title='bbox 1359 1674 1426 1700; x_wconf 74' lang='lat' dir='ltr'>ex-</span> 
     </span>
     <span class='ocr_line' id='line_1_28' title="bbox 80 1719 1426 1773; baseline -0.001 -14"><span class='ocrx_word' id='word_1_202' title='bbox 80 1719 248 1773; x_wconf 80' lang='lat' dir='ltr'>cipitur,</span> <span class='ocrx_word' id='word_1_203' title='bbox 280 1732 355 1760; x_wconf 88' lang='lat' dir='ltr'>nec</span> <span class='ocrx_word' id='word_1_204' title='bbox 389 1721 599 1760; x_wconf 85' lang='lat' dir='ltr'>torrentes</span> <span class='ocrx_word' id='word_1_205' title='bbox 632 1719 873 1772; x_wconf 88' lang='lat' dir='ltr'>incurrunt,</span> <span class='ocrx_word' id='word_1_206' title='bbox 912 1719 983 1773; x_wconf 89' lang='lat' dir='ltr'>qui</span> <span class='ocrx_word' id='word_1_207' title='bbox 1018 1719 1181 1773; x_wconf 83' lang='lat' dir='ltr'>placide</span> <span class='ocrx_word' id='word_1_208' title='bbox 1214 1719 1426 1760; x_wconf 77' lang='lat' dir='ltr'>manantis</span> 
     </span>
     <span class='ocr_line' id='line_1_29' title="bbox 79 1777 1426 1833; baseline 0 -14"><span class='ocrx_word' id='word_1_209' title='bbox 79 1780 243 1819; x_wconf 80' lang='lat' dir='ltr'>alveum</span> <span class='ocrx_word' id='word_1_210' title='bbox 294 1778 477 1819; x_wconf 88' lang='lat' dir='ltr'>turbent.</span> <span class='ocrx_word' id='word_1_211' title='bbox 552 1777 701 1832; x_wconf 82' lang='lat' dir='ltr'>Itaque</span> <span class='ocrx_word' id='word_1_212' title='bbox 746 1779 1019 1833; x_wconf 87' lang='lat' dir='ltr'>incorruptus</span> <span class='ocrx_word' id='word_1_213' title='bbox 1066 1778 1261 1832; x_wconf 88' lang='lat' dir='ltr'>idemque</span> <span class='ocrx_word' id='word_1_214' title='bbox 1310 1779 1426 1833; x_wconf 83' lang='lat' dir='ltr'>frigi—</span> 
     </span>
     <span class='ocr_line' id='line_1_30' title="bbox 82 1837 1427 1892; baseline 0.001 -15"><span class='ocrx_word' id='word_1_215' title='bbox 82 1837 290 1891; x_wconf 82' lang='lat' dir='ltr'>dissimus,</span> <span class='ocrx_word' id='word_1_216' title='bbox 317 1837 474 1892; x_wconf 87' lang='lat' dir='ltr'>quippe</span> <span class='ocrx_word' id='word_1_217' title='bbox 501 1839 636 1879; x_wconf 87' lang='lat' dir='ltr'>multa</span> <span class='ocrx_word' id='word_1_218' title='bbox 654 1838 845 1892; x_wconf 88' lang='lat' dir='ltr'>riparum</span> <span class='ocrx_word' id='word_1_219' title='bbox 868 1838 1124 1879; x_wconf 87' lang='lat' dir='ltr'>amoenitate</span> <span class='ocrx_word' id='word_1_220' title='bbox 1145 1837 1427 1890; x_wconf 63' lang='lat' dir='ltr'>inumbraffls,</span> 
     </span>
     <span class='ocr_line' id='line_1_31' title="bbox 26 1896 1428 1951; baseline 0 -13"><span class='ocrx_word' id='word_1_221' title='bbox 26 1914 59 1940; x_wconf 87' lang='lat'>30</span> <span class='ocrx_word' id='word_1_222' title='bbox 80 1897 236 1951; x_wconf 84' lang='lat' dir='ltr'>ubique</span> <span class='ocrx_word' id='word_1_223' title='bbox 263 1896 455 1938; x_wconf 87' lang='lat' dir='ltr'>fontibus</span> <span class='ocrx_word' id='word_1_224' title='bbox 488 1897 574 1938; x_wconf 88' lang='lat' dir='ltr'>suis</span> <span class='ocrx_word' id='word_1_225' title='bbox 608 1897 757 1938; x_wconf 89' lang='lat' dir='ltr'>similis</span> <span class='ocrx_word' id='word_1_226' title='bbox 791 1898 835 1938; x_wconf 91' lang='lat' dir='ltr'>in</span> <span class='ocrx_word' id='word_1_227' title='bbox 861 1912 974 1938; x_wconf 86' lang='lat' dir='ltr'>mare</span> <span class='ocrx_word' id='word_1_228' title='bbox 1002 1898 1153 1938; x_wconf 86' lang='lat' dir='ltr'>evadit.</span> <span class='ocrx_word' id='word_1_229' title='bbox 1214 1897 1351 1938; x_wconf 87' lang='lat' dir='ltr'>Multa</span> <span class='ocrx_word' id='word_1_230' title='bbox 1384 1897 1428 1938; x_wconf 92' lang='lat' dir='ltr'>in</span> 
     </span>
     <span class='ocr_line' id='line_1_32' title="bbox 80 1956 1428 2013; baseline 0 -16"><span class='ocrx_word' id='word_1_231' title='bbox 80 1971 126 1997; x_wconf 86' lang='lat' dir='ltr'>ea</span> <span class='ocrx_word' id='word_1_232' title='bbox 176 1956 347 2013; x_wconf 83' lang='lat' dir='ltr'>regione</span> <span class='ocrx_word' id='word_1_233' title='bbox 392 1959 666 1998; x_wconf 86' lang='lat' dir='ltr'>monumenta</span> <span class='ocrx_word' id='word_1_234' title='bbox 714 1956 886 2012; x_wconf 88' lang='lat' dir='ltr'>vulgata</span> <span class='ocrx_word' id='word_1_235' title='bbox 931 1957 1190 1999; x_wconf 85' lang='lat' dir='ltr'>carminibus</span> <span class='ocrx_word' id='word_1_236' title='bbox 1238 1959 1428 1998; x_wconf 86' lang='lat' dir='ltr'>vetustas</span> 
     </span>
    </p>
   </div>
   <div class='ocr_carea' id='block_1_5' title="bbox 201 2042 289 2044">
    <p class='ocr_par' dir='ltr' id='par_1_5' title="bbox 201 2042 289 2044">
     <span class='ocr_line' id='line_1_33' title="bbox 201 2042 289 2044; baseline 0 0"><span class='ocrx_word' id='word_1_237' title='bbox 201 2042 289 2044; x_wconf 95' lang='lat' dir='ltr'> </span> 
     </span>
    </p>
   </div>
   <div class='ocr_carea' id='block_1_6' title="bbox 81 2085 1428 2367">
    <p class='ocr_par' dir='ltr' id='par_1_6' title="bbox 81 2085 1428 2367">
     <span class='ocr_line' id='line_1_34' title="bbox 175 2085 1428 2130; baseline 0.001 -12"><span class='ocrx_word' id='word_1_238' title='bbox 175 2089 194 2119; x_wconf 83' lang='lat'>2</span> <span class='ocrx_word' id='word_1_239' title='bbox 221 2085 409 2120; x_wconf 84' lang='lat' dir='ltr'>imitantes</span> <span class='ocrx_word' id='word_1_240' title='bbox 431 2087 600 2129; x_wconf 72' lang='lat' dir='ltr'>Eussner:</span> <span class='ocrx_word' id='word_1_241' title='bbox 628 2085 799 2120; x_wconf 84' lang='lat' dir='ltr'>imitante</span> <span class='ocrx_word' id='word_1_242' title='bbox 825 2088 863 2118; x_wconf 83' lang='lat' dir='ltr'>A.</span> <span class='ocrx_word' id='word_1_243' title='bbox 973 2089 991 2118; x_wconf 87' lang='lat'><strong>3</strong></span> <span class='ocrx_word' id='word_1_244' title='bbox 1020 2085 1222 2130; x_wconf 86' lang='lat' dir='ltr'>quondam]</span> <span class='ocrx_word' id='word_1_245' title='bbox 1250 2087 1285 2119; x_wconf 85' lang='lat' dir='ltr'>et</span> <span class='ocrx_word' id='word_1_246' title='bbox 1313 2096 1428 2128; x_wconf 84' lang='lat' dir='ltr'>quon-</span> 
     </span>
     <span class='ocr_line' id='line_1_35' title="bbox 81 2133 1426 2178; baseline 0.001 -12"><span class='ocrx_word' id='word_1_247' title='bbox 81 2133 165 2166; x_wconf 85' lang='lat' dir='ltr'>dam</span> <span class='ocrx_word' id='word_1_248' title='bbox 192 2136 217 2166; x_wconf 88' lang='lat' dir='ltr'><strong>B</strong></span> <span class='ocrx_word' id='word_1_249' title='bbox 246 2146 288 2167; x_wconf 83' lang='lat' dir='ltr'>m.</span> <span class='ocrx_word' id='word_1_250' title='bbox 304 2145 362 2178; x_wconf 78' lang='lat' dir='ltr'>pr.</span> <span class='ocrx_word' id='word_1_251' title='bbox 485 2138 506 2167; x_wconf 82' lang='lat'>4</span> <span class='ocrx_word' id='word_1_252' title='bbox 532 2133 680 2178; x_wconf 78' lang='lat' dir='ltr'>statuit]</span> <span class='ocrx_word' id='word_1_253' title='bbox 713 2133 829 2167; x_wconf 83' lang='lat' dir='ltr'>stanit</span> <span class='ocrx_word' id='word_1_254' title='bbox 853 2136 892 2166; x_wconf 86' lang='lat' dir='ltr'>V.</span> <span class='ocrx_word' id='word_1_255' title='bbox 1011 2138 1030 2166; x_wconf 72' lang='lat'><strong>9</strong></span> <span class='ocrx_word' id='word_1_256' title='bbox 1057 2135 1264 2177; x_wconf 83' lang='lat' dir='ltr'>opportune</span> <span class='ocrx_word' id='word_1_257' title='bbox 1290 2133 1426 2167; x_wconf 75' lang='lat' dir='ltr'>Aldus:</span> 
     </span>
     <span class='ocr_line' id='line_1_36' title="bbox 81 2181 1426 2226; baseline 0 -13"><span class='ocrx_word' id='word_1_258' title='bbox 81 2182 260 2224; x_wconf 85' lang='lat' dir='ltr'>oportune</span> <span class='ocrx_word' id='word_1_259' title='bbox 293 2185 331 2213; x_wconf 88' lang='lat' dir='ltr'>A.</span> <span class='ocrx_word' id='word_1_260' title='bbox 457 2185 497 2214; x_wconf 87' lang='lat'>13</span> <span class='ocrx_word' id='word_1_261' title='bbox 535 2181 710 2226; x_wconf 75' lang='lat' dir='ltr'>debebat]</span> <span class='ocrx_word' id='word_1_262' title='bbox 747 2181 933 2214; x_wconf 77' lang='lat' dir='ltr'>debebant</span> <span class='ocrx_word' id='word_1_263' title='bbox 967 2184 998 2213; x_wconf 89' lang='lat' dir='ltr'>C.</span> <span class='ocrx_word' id='word_1_264' title='bbox 1124 2184 1166 2214; x_wconf 67' lang='lat'>14</span> <span class='ocrx_word' id='word_1_265' title='bbox 1204 2181 1263 2225; x_wconf 79' lang='lat' dir='ltr'>ne]</span> <span class='ocrx_word' id='word_1_266' title='bbox 1300 2191 1367 2214; x_wconf 86' lang='lat' dir='ltr'>nec</span> <span class='ocrx_word' id='word_1_267' title='bbox 1395 2184 1426 2213; x_wconf 90' lang='lat' dir='ltr'>C.</span> 
     </span>
     <span class='ocr_line' id='line_1_37' title="bbox 84 2226 1427 2273; baseline 0.001 -13"><span class='ocrx_word' id='word_1_268' title='bbox 84 2231 123 2260; x_wconf 78' lang='lat'>17</span> <span class='ocrx_word' id='word_1_269' title='bbox 152 2226 297 2273; x_wconf 72' lang='lat' dir='ltr'>Cilicia]</span> <span class='ocrx_word' id='word_1_270' title='bbox 325 2228 457 2272; x_wconf 66' lang='lat' dir='ltr'>cylicia</span> <span class='ocrx_word' id='word_1_271' title='bbox 483 2232 518 2261; x_wconf 92' lang='lat' dir='ltr'>L.</span> <span class='ocrx_word' id='word_1_272' title='bbox 603 2232 642 2262; x_wconf 80' lang='lat'>19</span> <span class='ocrx_word' id='word_1_273' title='bbox 670 2229 810 2273; x_wconf 66' lang='lat' dir='ltr'>rursus]</span> <span class='ocrx_word' id='word_1_274' title='bbox 837 2239 961 2262; x_wconf 85' lang='lat' dir='ltr'>russus</span> <span class='ocrx_word' id='word_1_275' title='bbox 989 2231 1020 2261; x_wconf 88' lang='lat' dir='ltr'>C.</span> <span class='ocrx_word' id='word_1_276' title='bbox 1097 2228 1225 2273; x_wconf 85' lang='lat' dir='ltr'>cornu]</span> <span class='ocrx_word' id='word_1_277' title='bbox 1253 2239 1367 2261; x_wconf 87' lang='lat' dir='ltr'>curnu</span> <span class='ocrx_word' id='word_1_278' title='bbox 1395 2233 1427 2261; x_wconf 87' lang='lat' dir='ltr'>C.</span> 
     </span>
     <span class='ocr_line' id='line_1_38' title="bbox 82 2275 1427 2320; baseline 0 -12"><span class='ocrx_word' id='word_1_279' title='bbox 82 2278 124 2308; x_wconf 79' lang='lat'>‘20</span> <span class='ocrx_word' id='word_1_280' title='bbox 151 2276 239 2320; x_wconf 85' lang='lat' dir='ltr'>qua]</span> <span class='ocrx_word' id='word_1_281' title='bbox 266 2287 338 2319; x_wconf 90' lang='lat' dir='ltr'>quo</span> <span class='ocrx_word' id='word_1_282' title='bbox 361 2280 386 2309; x_wconf 91' lang='lat' dir='ltr'>P</span> <span class='ocrx_word' id='word_1_283' title='bbox 410 2288 452 2310; x_wconf 83' lang='lat' dir='ltr'>m.</span> <span class='ocrx_word' id='word_1_284' title='bbox 475 2288 531 2319; x_wconf 70' lang='lat' dir='ltr'>pr.</span> <span class='ocrx_word' id='word_1_285' title='bbox 650 2279 692 2308; x_wconf 75' lang='lat'>24</span> <span class='ocrx_word' id='word_1_286' title='bbox 719 2275 913 2320; x_wconf 75' lang='lat' dir='ltr'>Pyramus]</span> <span class='ocrx_word' id='word_1_287' title='bbox 946 2275 1109 2319; x_wconf 87' lang='lat' dir='ltr'>piramus</span> <span class='ocrx_word' id='word_1_288' title='bbox 1136 2279 1170 2308; x_wconf 85' lang='lat' dir='ltr'>P.</span> <span class='ocrx_word' id='word_1_289' title='bbox 1291 2275 1427 2320; x_wconf 86' lang='lat' dir='ltr'>incliti]</span> 
     </span>
     <span class='ocr_line' id='line_1_39' title="bbox 81 2321 982 2367; baseline 0.002 -13"><span class='ocrx_word' id='word_1_290' title='bbox 81 2321 210 2366; x_wconf 73' lang='lat' dir='ltr'>inclyti</span> <span class='ocrx_word' id='word_1_291' title='bbox 238 2326 262 2355; x_wconf 86' lang='lat' dir='ltr'>P</span> <span class='ocrx_word' id='word_1_292' title='bbox 358 2324 601 2358; x_wconf 77' lang='lat' dir='ltr'>interfluunt</span> <span class='ocrx_word' id='word_1_293' title='bbox 626 2324 771 2367; x_wconf 63' lang='lat' dir='ltr'>scripsi:</span> <span class='ocrx_word' id='word_1_294' title='bbox 801 2322 917 2356; x_wconf 86' lang='lat' dir='ltr'>fluunt</span> <span class='ocrx_word' id='word_1_295' title='bbox 944 2326 982 2356; x_wconf 89' lang='lat' dir='ltr'>A.</span> 
     </span>
    </p>
   </div>
   <div class='ocr_carea' id='block_1_7' title="bbox 1454 1789 1472 1819">
    <p class='ocr_par' dir='ltr' id='par_1_7' title="bbox 1454 1789 1472 1819">
     <span class='ocr_line' id='line_1_40' title="bbox 1454 1789 1472 1819; baseline 0 -4"><span class='ocrx_word' id='word_1_296' title='bbox 1454 1789 1472 1819; x_wconf 70' lang='lat' dir='ltr'>{i</span> 
     </span>
    </p>
   </div>
   <div class='ocr_carea' id='block_1_8' title="bbox 1457 1908 1499 1937">
    <p class='ocr_par' dir='ltr' id='par_1_8' title="bbox 1457 1908 1499 1937">
     <span class='ocr_line' id='line_1_41' title="bbox 1457 1908 1499 1937; baseline 0 0"><span class='ocrx_word' id='word_1_297' title='bbox 1457 1908 1499 1937; x_wconf 81' lang='lat'>10</span> 
     </span>
    </p>
   </div>
  </div>
 </body>
</html>
