1610 2522
366 73 701 108 HISTOfflARUM
729 73 1009 107 ALEXANDRI
1035 74 1078 117 X,
1107 79 1139 108 4.
1351 74 1435 116 367

74 186 180 227 soris
225 186 269 225 in
311 183 509 224 lacrimas
552 186 588 224 et
630 182 812 224 lamenta
854 183 1005 224 victum
1050 183 1180 224 multa
1221 184 1358 224 animi
1390 184 1440 225 de

74 245 212 298 yradu
245 244 385 284 deiecti
417 245 661 296 aryumcnta
692 242 880 283 edidisse.
934 242 1018 283 Sed
1047 256 1095 283 ea
1126 243 1291 295 quidem
1326 244 1440 284 varie

77 304 321 346 traduntur:
366 302 475 343 illud
510 303 617 343 inter
654 315 793 343 omnes
830 305 1002 352 constat,
1046 302 1356 355 Alexandrum,
1393 306 1441 343 ut

75 377 201 417 quam
245 363 550 403 decentissimas
583 362 774 414 exequias
805 361 843 402 ei
875 361 1049 412 duceret,
1094 362 1274 403 noluisse
1303 362 1438 403 Ecba-

75 424 190 464 tanis
220 436 308 463 eum
342 421 523 474 sepeliri,
554 421 626 462 sed
656 420 921 474 Babylonem,
960 434 1037 474 quo
1068 422 1156 473 ipse
1178 422 1438 474 profecturus

77 486 185 532 esset,
219 496 242 522 a
273 481 474 522 Perdicca
506 480 681 532 deferri:
713 480 849 533 ibique
876 482 1007 533 funus
1037 481 1227 522 inaudito
1259 481 1437 533 exemplo

77 542 284 583 duodecim
311 540 478 581 milibus
503 539 701 581 talentum
728 540 930 581 locavisse.
977 540 1061 581 Per
1079 541 1318 581 universum
1338 544 1439 581 certe

77 602 296 653 imperium
332 599 462 652 luyeri
493 613 581 640 eum
615 599 738 640 iussit
765 602 810 650 et,
842 613 893 640 ne
918 600 1117 640 memoria
1142 600 1230 641 eius
1256 601 1301 640 in
1326 613 1438 641 ewer-

75 662 157 702 eilu
183 660 424 709 ez‘olesee‘tet,
451 658 661 711 equitibus,
689 658 835 711 quibus
853 659 1107 711 praefuerat,
1133 659 1294 700 nullum
1314 673 1435 713 prae-

74 721 172 772 fecit
203 720 361 769 ducem,
396 718 468 760 sed
497 718 817 771 Hephaestionis
849 718 962 759 alam
996 718 1203 771 appellari
1232 718 1358 760 voluit
1390 723 1436 769 et,

74 793 178 832 quae
209 778 278 819 ille
307 779 430 831 siyna
461 778 713 828 instituisset,
749 792 797 819 ea
828 791 911 819 non
943 779 1158 819 inmutari.
1220 778 1437 820 Funebria

77 839 305 880 certamina
337 838 539 890 ludosque,
577 837 717 890 quales
747 851 976 890 numquam
1008 838 1107 878 editi
1134 838 1322 890 fuissent,
1356 852 1436 879 me-

80 899 236 939 ditatus
273 897 357 938 tria
395 897 515 938 milia
546 897 755 950 artificum
787 898 930 950 coeyit:
975 898 1047 949 qui
1077 911 1160 938 non
1192 897 1317 938 multo
1345 901 1439 949 post

74 958 120 998 in
160 958 292 1009 ipsius
329 957 509 1009 exequiis
545 960 717 997 certasse
754 956 988 997 traduntur.
1056 956 1143 997 Nec
1180 957 1307 997 amici
1349 960 1435 998 tam¹

74 1017 201 1069 effuso
228 1017 391 1068 adfectu
422 1016 478 1057 ad
509 1016 814 1057 conciliandam
846 1017 932 1057 eius
958 1016 1142 1068 qratiam
1168 1017 1344 1069 seyniter
1368 1017 1436 1057 usi

77 1077 261 1117 certatim
302 1089 528 1128 repperere,
561 1089 640 1128 per
682 1089 786 1127 quae
829 1076 1028 1116 memoria
1066 1076 1247 1128 defuncti
1285 1075 1436 1117 clarior

76 1135 389 1187 honoratiorque
425 1136 547 1188 fieret.
610 1134 816 1176 Eumenes
854 1136 983 1188 iyitur
1020 1148 1108 1176 eum
1142 1149 1184 1176 se
1214 1135 1260 1176 ob
1291 1135 1437 1177 simul-

74 1198 196 1236 tatem
224 1208 313 1235 cum
343 1194 636 1247 Hephaestione
660 1195 707 1235 in
732 1195 839 1247 reyis
861 1195 1191 1247 indiynationem
1211 1196 1436 1236 incurrisse

72 1255 277 1304 sensisset,
330 1254 470 1295 multis
519 1257 659 1294 auctor
699 1255 782 1306 fuit
825 1267 942 1306 seque
985 1258 1021 1295 et
1064 1268 1186 1295 arma
1229 1268 1307 1295 sua
1351 1254 1436 1296 He-

72 1314 303 1366 phaestioni
353 1313 618 1355 consecrandi
659 1314 938 1366 pecuniasque
991 1314 1050 1354 ad
1092 1313 1434 1355 cohonestandum

72 1373 202 1425 funus
234 1373 347 1425 larye
377 1373 555 1414 contulit.
608 1372 698 1414 Hoc
727 1373 955 1425 exemplum
988 1374 1144 1414 imitati
1175 1377 1272 1414 sunt
1296 1374 1434 1414 ceteri:

74 1445 194 1484 eoque
219 1433 417 1485 processit
446 1431 755 1473 adsentantium
781 1433 1039 1484 inpudentia,
1071 1437 1116 1473 ut
1142 1434 1227 1485 regii
1253 1446 1436 1474 maerore

73 1495 110 1532 et
152 1491 352 1532 desiderio
397 1492 578 1543 defuncti
616 1492 844 1532 insanienti
882 1505 1127 1544 persuasum
1162 1493 1323 1533 tandem
1369 1493 1433 1542 sit,

75 1551 195 1591 deum
233 1564 315 1592 esse
346 1550 699 1603 Hephaestionem.
768 1551 854 1603 Quo
892 1552 1053 1603 quidem
1088 1555 1263 1604 tempore
1294 1565 1342 1593 ex
1374 1565 1435 1592 co-

68 1611 243 1662 piarum
275 1610 445 1652 ducibus
477 1610 719 1663 Ayathocles
741 1609 913 1651 Samius
943 1611 989 1651 in
1023 1614 1245 1651 extremum
1273 1612 1434 1664 pericu-

74 1669 159 1710 lum
202 1670 325 1720 venit,
370 1671 478 1722 quod
509 1670 597 1710 eius
628 1669 831 1711 tumulum
861 1671 1113 1721 praeteriens
1144 1670 1435 1711 inlacrimasse

72 1729 185 1769 visus
217 1732 283 1769 est.
334 1729 398 1770 Ac
427 1730 513 1770 nisi
535 1728 758 1770 Perdiccas
788 1730 957 1770 venanti
987 1730 1068 1771 sibi
1087 1729 1432 1782 Hephaestionem

74 1788 320 1839 adparuisse
375 1789 588 1830 ementitus
628 1802 707 1841 per
757 1789 849 1829 deos
898 1802 1036 1830 omnes
1085 1790 1300 1841 ipsumque
1349 1789 1433 1830 He-

67 1847 347 1899 phaestionem
380 1848 605 1898 deierasset,
639 1861 687 1888 ex
715 1849 802 1900 ipso
828 1861 870 1889 se
895 1850 1134 1901 cognovisse,
1167 1848 1432 1901 Ayathoclem

72 1919 155 1947 non
192 1910 237 1946 ut
274 1910 478 1948 mortuum
516 1910 553 1948 et
581 1921 715 1948 vanae
746 1908 983 1949 divinitatis
1014 1907 1147 1949 titulis
1175 1908 1337 1960 frustra
1370 1922 1432 1949 or-

72 1969 218 2006 natum
249 1965 417 2017 flevisse,
449 1980 584 2007 verum
612 1970 781 2018 propter
812 1968 1055 2008 memoriam
1074 1968 1286 2019 pristina-e
1313 1967 1433 2008 soda-

73 2024 205 2065 litatis
244 2024 441 2066 lacrimas
472 2039 555 2066 non
586 2027 778 2076 tenuisse,
823 2027 887 2066 vir
916 2027 1039 2078 fortis
1070 2030 1107 2067 et
1137 2026 1186 2067 de
1216 2040 1306 2079 reae
1338 2026 1434 2067 bene

73 2084 242 2124 meritus
270 2085 444 2136 pietatis
481 2085 527 2125 in
564 2085 744 2126 amicum
773 2099 920 2138 yraves
942 2099 1102 2138 poenas
1138 2086 1337 2127 innoxius
1364 2099 1432 2137 pe-

65 2143 286 2195 pendisset.

164 2200 350 2243 Ceterum
387 2206 433 2244 ut
461 2203 679 2256 paulisper
717 2217 744 2244 a
775 2204 884 2245 luctu
915 2208 1103 2245 avocaret
1133 2205 1340 2254 animum,
1388 2205 1431 2244 in

75 2258 339 2302 Cossaeorum
372 2265 524 2303 terram
556 2263 849 2314 expeditionem
881 2264 1066 2315 suscepit.
1123 2263 1232 2315 Iuya
1259 2264 1432 2303 IVIediae

71 2320 211 2360 vicina
246 2319 409 2361 Cossaei
441 2325 588 2372 tenent,
621 2335 769 2375 aspera
801 2326 835 2363 et
867 2322 1054 2363 bellicosa
1085 2326 1120 2363 et
1150 2325 1268 2375 rapto
1300 2322 1432 2362 vivere
