1610 2522
175 101 255 142 192
674 102 714 143 Q.
743 101 887 136 ‹JL'RTI
915 101 1024 136 Rl'FI

170 210 322 251 humili
355 210 501 250 ordine
535 210 586 250 ad
619 225 713 251 eum
746 210 938 266 gradum,
971 211 1012 250 in
1048 224 1131 264 quo
1165 214 1266 251 tunc
1299 213 1400 263 erat,
1433 226 1526 265 pro-

122 281 142 311 2
171 272 334 309 motus:
369 269 441 322 qui
468 269 708 311 tacentibus
741 269 892 310 ceteris
920 269 1074 310 stolida
1105 270 1281 311 audacia
1305 270 1425 311 ferox
1457 270 1523 311 ad-

170 343 341 369 monere
375 343 445 369 eos
485 328 643 382 coepit,
689 330 884 383 quotiens
930 329 1018 369 suis
1051 330 1230 383 quisque
1263 329 1527 380 deversoriis,

171 402 277 441 quae
323 391 621 441 occupassent,
665 388 943 442 proturbatus
986 391 1113 441 esset,
1156 392 1203 429 ut
1247 391 1527 444 purgamenta

172 461 390 488 servorum
423 446 618 488 Philotae
651 447 940 502 reciperentur
972 462 1040 501 eo,
1072 447 1181 488 unde
1215 447 1527 490 commilitones
1566 467 1581 492 5

171 506 445 560 expulissent.
518 506 634 547 Auro
686 510 946 562 argentoque
999 506 1191 548 vehicula
1241 507 1330 548 eius
1376 509 1529 548 onusta

173 566 275 606 totis
305 565 407 606 vicis
441 567 622 618 stetisse,
656 580 703 607 ac
730 580 780 607 ne
807 566 851 606 in
877 567 1076 607 viciniam
1105 566 1274 620 quidem
1301 565 1528 608 deversorii

172 639 425 679 quemquam
461 624 801 666 commilitonum
837 628 1052 679 receptum
1091 640 1198 678 esse,
1238 625 1310 667 sed
1342 640 1417 680 per
1449 625 1528 667 dis-

171 684 347 739 positos,
381 698 488 738 quos
516 699 694 738 supras
677 699 873 726 somnum
901 684 1096 737 habebat,
1130 685 1268 726 omnis
1294 684 1445 739 procul
1469 700 1528 726 re-

171 744 348 810 legatos,
381 746 432 784 ne
458 744 616 785 femina
650 743 722 785 illa
749 744 1105 785 murmurantium
1139 745 1249 785 inter
1281 759 1325 785 se
1358 744 1528 786 silentio
1550 763 1583 788 ιο

172 803 312 844 verius
352 818 477 856 quam
515 817 620 844 sono
661 804 925 844 excitaretur
983 803 1189 844 Ludibrio
1229 804 1267 844 ei
1299 804 1430 845 fuisse
1462 818 1526 845 ru-

173 862 304 904 sticos
337 862 532 904 homines
562 862 841 918 Phrygasque
874 866 916 904 et
947 861 1247 917 Paphlagonas
1280 862 1530 917 appellatOS‚

174 922 247 976 qui
288 936 374 963 non
415 923 699 975 erubesceret,
744 922 917 964 Macedo
950 924 1094 976 natus,
1133 922 1327 963 homines
1360 922 1530 978 linguae

130 994 141 1001 ·
175 996 273 1022 suae
305 997 380 1036 per
421 981 696 1035 interpretem
731 981 886 1022 audire.
950 980 1077 1022 Nunc
1117 996 1214 1022 eum
1246 980 1528 1023 Hammonem

176 1040 339 1081 consuli
385 1041 509 1082 velle:
561 1044 604 1081 at
645 1041 823 1082 eundem
869 1040 982 1083 Iovis
1025 1041 1213 1096 arguisse
1262 1040 1529 1083 mendacium
1551 1060 1584 1086 15

173 1100 462 1141 Alexandrum
496 1100 632 1141 filiurn
661 1101 944 1155 agnoscentis,
977 1099 1140 1142 scilicet
1166 1100 1360 1152 veritum,
1392 1115 1444 1142 ne
1471 1101 1531 1141 in-

122 1174 144 1194 .·
174 1159 386 1201 vidiosum
426 1162 554 1213 esset,
593 1160 707 1214 quod
746 1160 803 1200 dii
844 1160 1054 1201 offerrent.
1120 1161 1226 1200 Cum
1260 1159 1532 1201 insidiaretur

175 1219 303 1273 capiti
337 1219 449 1274 regis
476 1223 517 1260 et
543 1219 680 1273 amici,
707 1233 793 1260 non
819 1219 1080 1261 consuluisse
1107 1234 1201 1260 eum
1222 1217 1386 1260 lovem:
1420 1233 1533 1261 nunc

174 1279 225 1318 ad
260 1279 478 1320 oraculum
514 1279 694 1333 mittere,
728 1279 827 1318 dum
861 1282 981 1333 pater
1014 1279 1103 1319 eius
1130 1278 1343 1331 sollicitet,
1376 1279 1530 1332 quibus

174 1338 333 1392 praesit
366 1339 410 1378 in
442 1337 593 1392 Media,
626 1341 667 1379 et
699 1338 893 1393 pecunia,
925 1338 1044 1378 cuius
1078 1337 1271 1379 custodia
1303 1339 1531 1379 commissa
1551 1356 1585 1381 20

175 1397 247 1450 sit,
286 1397 474 1451 perditos
515 1397 710 1438 homines
743 1397 795 1438 ad
833 1398 1078 1439 societatem
1119 1396 1288 1438 sceleris
1326 1397 1530 1451 impellat.

124 1474 132 1498 1
174 1455 296 1511 Ipsos
337 1457 541 1498 missuros
581 1457 633 1497 ad
675 1456 914 1509 oraculum,
952 1470 1037 1498 non
1073 1457 1145 1510 qui
1177 1455 1321 1497 Iovem
1356 1457 1532 1498 interro-

178 1519 291 1572 gent,
325 1516 439 1570 quod
471 1531 522 1557 ex
554 1530 652 1571 rege
679 1517 971 1572 cognoverint,
1004 1515 1074 1556 sed
1103 1516 1174 1569 qui
1201 1516 1358 1571 gratias
1392 1519 1532 1571 agant,

276 1650 289 1677 1
321 1645 467 1691 ordine]
496 1645 647 1678 *ordine
674 1649 709 1678 P.
810 1648 829 1678 2
857 1645 1031 1690 audacia]
1059 1644 1214 1678 audatia
1238 1648 1307 1679 LP.
1406 1644 1531 1679 admo-

175 1694 278 1738 nere]
306 1692 504 1726 admouere
532 1696 567 1726 P.
676 1697 695 1725 3
724 1691 959 1738 deversoriis]
987 1691 1201 1726 diuersoriis
1230 1695 1261 1725 C.
1373 1696 1393 1725 4
1420 1692 1531 1737 quae]

171 1750 269 1784 -quas
296 1743 367 1773 PV.
461 1745 480 1774 5
509 1740 710 1785 servorum]
739 1750 931 1774 soruorum
959 1743 997 1773 V.
1086 1738 1272 1792 Philotae]
1298 1738 1478 1784 phylotae
1499 1744 1530 1773 c

178 1792 197 1821 6
226 1787 454 1831 expulissent
475 1791 517 1820 P:
545 1787 748 1832 expulisset
769 1791 800 1821 c
879 1792 895 1820 ῖ
925 1787 1088 1833 stetisse]
1110 1787 1275 1821 stetisset
1295 1791 1320 1820 P
1340 1799 1384 1821 m.
1399 1798 1459 1831 Ρν.

171 1846 220 1869 ac
246 1835 536 1870 Freinshemius:
583 1836 621 1869 at
653 1838 692 1868 A.
839 1834 1039 1869 deversorii
1071 1835 1217 1879 scripsi.
1265 1834 1460 1869 diuersorii
1492 1837 1531 1867 A.

178 1889 197 1915 ὅ
225 1882 444 1928 dispositos]
472 1882 638 1927 dispotos
665 1886 700 1916 P.
807 1885 826 1916 9
854 1893 1021 1916 somnum
1048 1886 1081 1915 1:
1110 1882 1292 1916 somnium
1319 1885 1357 1915 A.
1457 1892 1532 1914 om-

177 1930 233 1964 nis
259 1934 300 1963 P:
329 1940 455 1964 omnes
483 1933 514 1964 c.
603 1930 787 1974 relegatos
813 1933 846 1963 1:
874 1929 1050 1975 religatos
1078 1932 1115 1962 A.
1207 1932 1248 1963 12
1275 1928 1531 1974 Phrygasque]

178 1977 404 2022 phrigasque
427 1981 458 2011 C.
534 1976 810 2023 Paphlagonas]
830 1976 1090 2021 phaplagonas
1110 1980 1147 2019 F,
1168 1975 1474 2021 phaph*lagonas
1496 1980 1532 2015 1..

180 2024 479 2069 phaphlalgonas
500 2029 539 2058 V.
617 2030 658 2059 14
685 2024 793 2059 Nunc
815 2035 898 2058 eum
920 2025 1124 2059 Bentleius:
1146 2034 1290 2059 mecum
1309 2027 1334 2057 1.
1355 2036 1398 2058 m.
1416 2035 1474 2068 pr.
1495 2027 1531 2061 P.

177 2083 308 2106 necum
336 2075 432 2105 BFL
456 2085 497 2106 m.
518 2084 582 2107 sec.
604 2076 643 2106 V.
729 2076 770 2105 15
798 2071 908 2106 velle:
937 2076 976 2106 at
1000 2073 1146 2116 scripsi:
1173 2071 1289 2105 uellet
1309 2074 1347 2104 A.
1431 2081 1532 2105 men—

179 2120 343 2165 dacium]
377 2120 607 2154 mendatium
644 2123 746 2153 FLP.
897 2124 938 2154 16
975 2119 1216 2165 invidiosum]
1252 2118 1466 2152 inuidosum
1495 2122 1530 2151 L.

182 2171 222 2201 17
252 2167 442 2213 offerrent]
463 2166 618 2202 offerent
637 2171 673 2201 P.
751 2171 793 2201 19
821 2166 1008 2207 sollicitet,
1033 2167 1167 2210 quibus
1186 2167 1332 2210 scripsi:
1355 2164 1532 2200 sollicitet

173 2215 243 2258 -qui
263 2219 299 2256 P,
320 2214 543 2249 sollicitetur
563 2215 627 2259 qui
652 2218 684 2249 C.
779 2218 820 2249 21
850 2215 1083 2260 societatem]
1112 2214 1325 2248 sotietatem
1345 2217 1381 2247 L.
1465 2213 1532 2247 im-

180 2261 311 2307 pellat]
340 2262 509 2306 impell*t
529 2266 565 2305 L,
592 2264 632 2296 in
655 2265 680 2295 B
709 2273 729 2296 a
756 2273 798 2297 ex
824 2273 913 2296 corr.
1013 2265 1056 2295 22
1084 2272 1155 2296 non
1183 2261 1246 2305 qui
1272 2260 1394 2295 Iovem
1420 2260 1532 2294 inter-

178 2312 311 2353 rogent
340 2309 497 2345 Giunta:
526 2310 590 2354 qui
617 2310 738 2344 iouem
765 2310 996 2353 interrogent
1022 2320 1095 2344 non
1122 2313 1154 2351 c,
1182 2308 1246 2353 qui
1272 2309 1394 2342 iouem
1420 2308 1532 2342 inter·

177 2358 312 2401 rogent
337 2360 372 2391 P.
