1591 2493
16 1241 34 1275 1

446 568 507 633 Q.
543 568 795 620 CURTI
831 568 1024 620 RUFI

548 701 915 739 HISTORIARUM

176 831 855 895 ALEXANDRI
906 831 1279 895 MAGNI

559 971 898 1014 MACEDole

618 1114 760 1148 LIBER
785 1113 844 1148 ΠΙ.

147 1236 263 1278 Inter
306 1236 409 1277 haec
453 1234 694 1277 Alexander
739 1236 790 1276 ad
833 1234 1151 1276 conducendum
1197 1250 1246 1276 ex
1286 1235 1439 1276 Pelo-I

58 1310 247 1350 ponneso
281 1295 459 1337 militem
494 1294 702 1336 Cleandro
743 1310 838 1336 cum
872 1294 1051 1349 pecunia
1088 1295 1219 1336 misso
1252 1294 1406 1349 Lyciae

60 1355 422 1409 Pamphyliaeque
469 1355 595 1396 rebus
639 1355 875 1409 conpositis
924 1354 975 1395 ad
1014 1354 1161 1395 urbem
1205 1354 1405 1396 Celaenas

59 1415 289 1456 exereitum
340 1415 538 1456 admovit.
620 1414 759 1456 Media
815 1414 888 1455 illa
938 1416 1190 1468 tempestate
1240 1416 1406 1456 moenia
1433 1428 1452 1457 ⁶2

25 1493 38 1517 5
60 1474 331 1516 interfluebat
363 1474 568 1529 Marsyas,
607 1474 743 1515 amnis
782 1473 989 1514 fabulosis
1023 1473 1280 1515 Graecorum
1321 1487 1406 1515 car-

6 1790 39 1814 10

61 1534 246 1575 minibus
279 1533 463 1575 inclitus
527 1533 639 1575 Fons
679 1534 766 1574 eius
809 1548 859 1574 ex
893 1548 1057 1574 summo
1097 1533 1256 1574 montis
1288 1548 1406 1575 oaou·
1433 1547 1452 1576 3

62 1594 172 1634 mine
211 1607 436 1635 excurrens
474 1593 518 1633 in
557 1593 788 1634 subiectam
829 1596 992 1648 petram
1033 1608 1188 1648 magno
1223 1594 1405 1648 strepitu

59 1667 266 1706 aquarum
295 1652 418 1707 cadit,
445 1653 541 1693 inde
563 1653 739 1693 diffusus
762 1653 1054 1693 circumiectos
1082 1654 1193 1708 rigat
1221 1667 1405 1707 campos,

61 1712 246 1766 liquidus
274 1715 314 1756 et
341 1727 437 1753 suas
465 1713 685 1753 dumtaxat
710 1713 844 1753 undas
871 1712 1056 1753 trahens,
1112 1711 1261 1766 Itaque
1290 1712 1406 1754 color
1433 1726 1450 1755 4

59 1772 147 1812 eius
187 1772 354 1826 placido
399 1773 505 1813 mari
550 1772 701 1813 similis
745 1772 885 1813 locum
924 1774 1145 1826 poetarum
1185 1772 1404 1813 mendacio

60 1831 179 1872 fecit:
213 1832 369 1885 quippe
401 1831 606 1872 traditum
646 1834 709 1872 est
742 1831 953 1886 nymphas
987 1846 1129 1873 amore
1168 1832 1304 1872 amuis
1346 1847 1406 1872 re-

152 1960 191 2001 Q.
220 1959 321 1994 Curti
366 1960 448 1993 Rufi
487 1960 727 1994 historiarum
770 1960 973 1994 Alexandri
1018 1960 1146 2005 Magni
1190 1960 1405 1994 Macedonis

57 2007 151 2042 liber
169 2007 218 2040 ΠΙ
243 2009 388 2051 scripsi:
417 2020 519 2041 CVRTI
544 2021 626 2042 RVFI
652 2020 887 2042 HISTORIARVM
914 2020 1045 2042 INCIPIT
1071 2021 1174 2041 LIBER
1200 2021 1345 2041 TERTIUS
1365 2012 1405 2050 V,

58 2056 291 2099 inscriptione
316 2060 439 2090 carent
465 2058 567 2097 BLP,
595 2056 636 2090 de
662 2059 699 2098 F,
726 2056 789 2099 qui
802 2058 924 2100 primo
945 2057 1181 2099 quaternione
1205 2056 1407 2098 fraudatus

56 2114 155 2137 nunc
175 2103 220 2136 ab
241 2104 348 2137 initio
370 2104 519 2138 mutilus
539 2108 598 2146 est,
620 2104 712 2138 nihil
730 2105 817 2138 certi
835 2104 1027 2146 adfirmari
1040 2108 1167 2147 potest.
1256 2109 1271 2136 1
1300 2103 1406 2137 Pelo-

57 2160 219 2193 ponneso
247 2151 420 2185 Zarotus:
453 2150 703 2195 peloponenso
731 2153 769 2184 A.
893 2155 911 2185 2
940 2151 1074 2195 Lyciae
1099 2154 1132 2184 1:
1166 2150 1274 2185 liciae
1303 2155 1335 2194 C,
1362 2151 1406 2184 li-

58 2208 146 2240 cyae
174 2201 208 2231 P.
297 2202 315 2231 3
343 2198 661 2242 Pamphyliaeque
686 2202 731 2232 V:
758 2197 1064 2242 pamphiliaeque
1090 2201 1192 2232 BLP.
1280 2198 1406 2232 Celae-

58 2255 122 2278 nas
149 2245 283 2279 Aldus:
312 2245 480 2279 caelenas
501 2249 539 2279 A.
640 2251 659 2278 ὁ
686 2246 853 2290 Marsyas
876 2250 901 2279 P
921 2257 1027 2280 coma:
1056 2257 1196 2280 marsas
1222 2250 1247 2278 P
1275 2259 1317 2280 m.
1334 2258 1404 2290 pr„

59 2302 198 2325 marsus
235 2298 265 2326 c.
390 2297 409 2326 6
435 2293 603 2338 inclitus]
638 2292 800 2337 inclytus
833 2296 902 2326 BL.
1034 2294 1191 2338 summo]
1228 2305 1332 2327 sumo
1364 2297 1403 2326 V.

62 2344 102 2373 10
129 2340 336 2385 mendacio}
364 2341 552 2374 mendatio
579 2345 651 2375 PV.
754 2346 792 2375 11
822 2341 1019 2386 nymphas]
1047 2341 1217 2385 nimphas
1245 2344 1317 2374 LV.

1148 2400 1190 2433 1*
