1610 2522
80 449 97 475 ἓ)

57 627 98 656 10

59 983 97 1012 11

59 1042 99 1072 12

62 1400 100 1429 14

60 1638 101 1667 15

127 87 212 129 288
630 88 669 128 Q.
700 85 842 120 CURTI
872 85 983 120 RUFI

128 211 223 239 rore
262 211 440 251 corpora
478 196 650 246 adfecit,
697 198 1072 249 opportunumque
1107 193 1339 234 remedium
1374 192 1484 246 ignis

127 257 319 298 oblatum
366 259 439 297 est.
518 254 659 296 Caesis
706 256 863 309 quippe
909 254 1028 295 silvis
1070 253 1284 294 flammam
1331 254 1484 294 exeita-

129 320 291 368 verunt,
325 330 431 369 quae
459 315 587 370 lignis
615 315 717 356 alita
744 314 1056 368 oppidanorum
1090 312 1281 366 sepulcra
1314 326 1483 366 conpre-

125 375 284 416 hendit.
335 374 513 416 Vetusta
539 375 663 415 cedro
692 377 810 414 erant
838 374 949 414 facta
976 376 1314 426 conceptumque
1340 373 1483 424 ignem

126 435 209 476 late
250 434 414 487 fudere,
460 434 591 475 donee
634 434 778 474 omnia
819 434 910 474 solo
954 434 1133 485 aequata
1173 434 1282 472 sunt.
1347 431 1404 472 Et
1435 446 1485 472 ex

127 495 229 535 urbe
273 494 457 547 primum
492 508 642 535 canum
676 494 874 545 latratuS,
920 491 1068 532 deinde
1102 491 1229 532 etiam
1263 490 1484 532 hominum

127 555 323 595 fremitus
355 553 525 594 auditus
559 555 632 593 est.
685 552 803 592 Tune
836 555 878 592 et
911 551 1112 605 oppidani
1142 552 1309 591 hostem
1337 553 1378 590 et
1399 549 1484 590 Ma-

127 613 306 655 cedones
346 613 397 653 ad
436 612 584 653 urbem
627 613 742 665 ipsos
775 613 940 652 venisse
973 613 1247 666 cognoscunt.
1311 608 1486 663 Iamque

127 688 196 714 rex
226 672 430 714 eduxerat
457 673 600 725 copias
631 674 671 712 et
698 671 867 712 moenia
894 670 1129 722 obsidebat,
1162 684 1256 710 cum
1285 669 1486 721 hostium,

127 734 200 786 qui
242 732 468 773 discrimen
511 733 841 784 temptaverant,
885 729 1026 771 obruti
1065 729 1164 770 telis
1202 731 1312 770 sunt.
1375 728 1485 769 Aliis

127 807 228 847 ergo
263 792 534 844 deditionem,
566 791 662 831 aliis
690 805 878 845 pugnam
907 790 1090 843 experiri
1118 788 1324 843 placebat.
1376 787 1485 836 Quo-

127 867 220 892 rum
260 851 527 892 dubitatione
566 853 767 903 conperta
807 849 1105 891 circumsederi
1140 852 1306 889 tantum
1340 862 1411 888 eos
1445 850 1487 888 et

127 911 330 952 abstineri
370 910 570 952 caedibus
610 910 751 950 iussit:
797 908 1052 962 tandemque
1092 907 1329 948 obsidionis
1363 906 1486 948 malis

127 971 297 1024 fatigati
330 970 528 1012 dedidere
562 984 615 1011 se.
680 969 718 1009 A
744 968 899 1009 Libero
930 968 1056 1009 Patre
1090 967 1286 1008 conditos
1320 981 1363 1007 se
1396 980 1486 1007 esse

128 1030 341 1072 dicebant:
371 1033 413 1071 et
434 1044 532 1070 vera
552 1029 656 1070 haec
677 1028 799 1081 origo
822 1031 922 1069 erat.
958 1028 1050 1068 Sita
1076 1030 1139 1068 est
1163 1027 1256 1068 urbs
1278 1025 1356 1067 sub
1378 1026 1486 1067 radi—

128 1091 248 1131 cibus
300 1090 477 1142 montis,
529 1103 654 1142 quem
700 1088 848 1129 Meron
902 1087 1066 1128 incolae
1112 1088 1345 1140 appellant:
1391 1085 1487 1126 inde

130 1149 279 1190 Graeci
318 1148 550 1191 mentiendi
589 1152 757 1189 traxere
794 1147 1031 1199 licentiam,
1076 1144 1190 1187 Iovis
1230 1145 1387 1186 femine
1419 1144 1487 1186 Li-

82 1222 100 1249 :-;
130 1209 278 1250 berum
308 1208 477 1249 Patrem
510 1222 599 1249 esse
633 1208 826 1249 celatum.
881 1206 969 1247 Rex
1003 1206 1088 1246 situ
1122 1206 1280 1246 montis
1313 1205 1486 1259 cognito

128 1284 179 1310 ex
218 1268 370 1310 incolis
411 1282 503 1309 cun]
548 1270 640 1308 toto
684 1267 871 1307 exercitu
904 1266 1147 1320 praemissis
1181 1263 1487 1306 commeatibus

130 1330 331 1370 verticem
377 1329 467 1368 eius
514 1326 703 1367 ascendit
785 1325 924 1367 Multa
968 1325 1124 1366 hedera
1165 1324 1350 1377 vitisque
1395 1326 1486 1364 toto

128 1388 322 1443 gignitur
362 1390 521 1440 monte,
566 1386 725 1428 multae
757 1400 962 1440 perennes
995 1398 1128 1438 aquae
1163 1387 1346 1424 manant.
1411 1382 1488 1423 Po-

129 1462 294 1488 morum
329 1460 499 1501 quoque
531 1446 638 1487 varii
672 1445 948 1498 salubresque
982 1444 1072 1485 suci
1106 1447 1205 1484 sunt
1235 1458 1309 1484 sua
1337 1445 1488 1496 sponte

128 1507 405 1548 fortuitorum
445 1507 686 1561 germinum
722 1507 866 1560 fruges
909 1504 1038 1545 humo
1072 1504 1297 1544 nutriente.
1359 1501 1488 1543 Lauri

130 1566 316 1621 buxique
359 1569 401 1607 et
444 1566 573 1619 myrti
618 1566 661 1605 in
706 1565 791 1606 illis
831 1564 1011 1618 rupibus
1051 1564 1229 1618 agrestis
1270 1564 1334 1603 est
1370 1560 1487 1602 silva.

131 1626 265 1667 Credo
301 1625 495 1679 equidem
530 1640 615 1666 non
650 1624 794 1665 divino
830 1624 1049 1676 instinctu,
1089 1622 1160 1662 sed
1192 1621 1367 1662 lascivia
1399 1635 1489 1661 esse

130 1688 373 1739 provectos,
414 1687 461 1725 ut
503 1684 659 1738 passim
706 1683 883 1724 hederae
929 1697 975 1723 ae
1020 1683 1169 1723 vitium
1208 1681 1313 1722 folia
1351 1680 1488 1721 decer-

228 1784 243 1812 1
274 1781 598 1822 opportunumque
625 1780 650 1810 B
679 1789 721 1811 m.
746 1788 827 1812 see:
865 1778 1162 1820 oportunumque
1189 1777 1227 1807 A.
1329 1778 1347 1806 3
1375 1773 1488 1818 lignis

131 1827 266 1861 Faber:
296 1826 374 1871 igni
402 1829 440 1860 A.
535 1825 807 1868 oppidanorum
834 1828 866 1857 1:
902 1823 1148 1867 (wind-anorum
1175 1825 1214 1854 A.
1302 1821 1488 1865 sepulcra]

131 1873 329 1918 sepulchra
356 1876 502 1906 BFPV.
627 1871 913 1917 conprehendit]
941 1869 1184 1915 conpreendit
1209 1873 1245 1902 L.
1370 1872 1388 1902 6
1417 1869 1489 1912 pri-

130 1922 247 1966 muml
274 1921 422 1965 primun
449 1924 485 1954 L.
570 1924 586 1953 7
616 1919 718 1954 Tunc
745 1923 786 1953 P:
815 1922 894 1953 tum
923 1922 954 1952 C.
1037 1923 1055 1950 *Δ
1084 1917 1264 1961 hostium]
1292 1916 1428 1949 ostium
1449 1919 1487 1949 V.

134 1974 175 2003 10
211 1969 319 2014 Aliis]
360 1968 453 2002 alias
487 1971 511 2000 P
547 1980 588 2001 m.
620 1979 675 2010 pr.
830 1971 869 2000 11
912 1965 1155 2009 deditionem]
1195 1963 1429 1997 dedicionem
1465 1967 1489 1996 L

131 2030 174 2051 m.
197 2030 253 2061 pr.
329 2016 428 2060 aliis]
451 2015 545 2049 alius
567 2019 591 2047 P
614 2027 656 2049 m.
673 2027 731 2059 pr.
806 2014 988 2058 pugnam]
1009 2024 1134 2056 pugna
1155 2017 1186 2045 C.
1266 2015 1306 2045 1-2
1335 2011 1488 2044 circum-

132 2065 251 2098 sederi
278 2068 319 2097 P:
358 2062 611 2097 circumsideri
640 2067 672 2096 0.
787 2067 827 2095 14
856 2061 1032 2095 dedidere
1060 2063 1085 2093 B
1108 2072 1150 2093 m.
1171 2071 1252 2093 see:
1289 2058 1422 2092 dedere
1450 2061 1487 2091 A.

135 2118 175 2146 12¹>
203 2113 307 2147 urbs
333 2112 418 2146 add.
448 2111 650 2144 Eberhard.
777 2113 818 2142 15
846 2107 973 2142 Meron
1000 2111 1025 2141 B
1048 2120 1090 2141 m.
1120 2119 1200 2141 rein:
1235 2117 1423 2140 memorou
1450 2108 1488 2138 A.

135 2164 174 2193 17
192 2159 396 2193 mentiendi
410 2160 414 2203 Ι
430 2158 608 2191 metiendi
625 2161 650 2190 F
667 2169 708 2191 m.
721 2169 779 2201 pr.
844 2162 884 2189 21
903 2156 1098 2200 perennes]
1114 2155 1318 2198 perhennes
1334 2156 1360 2186 B
1377 2165 1418 2187 m.
1432 2165 1488 2197 μν.

134 2211 176 2241 23
205 2207 414 2249 germinum
442 2206 636 2240 Heinsius:
666 2205 894 2249 segeminnm
918 2207 943 2236 B
968 2216 1009 2236 m.
1028 2215 1083 2246 pr.
1105 2206 1141 2243 P,
1170 2201 1428 2243 seugeminum
1448 2203 1488 2240 V,

133 2255 407 2297 seugerminum
434 2256 459 2285 B
480 2265 523 2287 m.
551 2264 615 2287 sec.
638 2255 696 2284 FL
723 2264 825 2293 cortu,
854 2251 1112 2284 *umiunum
1133 2253 1168 2283 L.
1257 2252 1299 2281 24
1328 2248 1489 2291 buxique

131 2304 279 2346 scripsi:
308 2302 474 2344 baceque
501 2304 580 2342 Pv,
608 2299 797 2342 bai-aeque
823 2302 927 2332 BFL.
1004 2297 1115 2341 myrti
1136 2297 1281 2340 scripsi:
1304 2295 1421 2329 multa
1450 2298 1488 2328 A.

134 2354 176 2383 ⁵26
206 2350 380 2394 hederae}
407 2348 541 2383 ederae
567 2352 602 2389 P,
632 2347 767 2381 liedrae
794 2350 833 2380 V.
911 2346 1057 2390 vitium]
1084 2344 1223 2378 uicium
1251 2347 1276 2376 L
1299 2357 1340 2377 m.
1358 2355 1416 2387 pr.

1524 447 1538 471 &a

1509 745 1540 769 10

1509 1041 1539 1066 15

1508 1207 1558 1241 36

1508 1341 1541 1364 21)

1510 1636 1542 1661 ‘25
