1610 2522
132 83 216 124 306
636 86 675 122 Q.
705 81 848 116 CUHTI
875 80 988 115 RUFI

62 203 104 234 38
131 192 403 247 peditemque
437 191 629 244 sequenti
657 190 769 232 hosti
798 189 964 230 obiecit.
1015 188 1104 230 Iam
1128 189 1370 230 Alexander
1396 203 1488 230 con-

134 254 303 293 secutus
337 254 426 291 erat
453 254 494 291 et
519 251 752 304 pertinacia
773 248 872 290 Pori
900 249 1072 304 cognita
1098 248 1269 290 vetabat
1297 249 1489 290 resisten-

132 311 248 352 tibus
282 310 409 364 parci.
472 309 588 363 Ergo
621 309 808 362 undique
848 311 890 349 et
929 309 970 348 111
1004 308 1166 362 pedites
1200 312 1241 349 et
1274 308 1318 348 in
1350 308 1489 362 ipsum

134 370 290 411 Porum
325 370 409 410 tela
447 371 650 424 congesta
683 371 798 422 sunt,
843 367 937 421 quis
971 367 1139 408 tandem
1173 371 1372 423 gravatus
1404 367 1489 408 labi

62 442 104 471 39
133 444 183 471 ex
218 429 342 470 belua
375 428 527 482 coepit.
590 427 732 482 Indus,
772 428 845 481 qui
884 427 1156 480 elephantum
1195 427 1387 483 regebat,
1425 426 1491 467 de·
1531 444 1545 468 5

136 488 334 530 scendere
355 503 451 529 eum
474 491 589 528 ratus
617 502 732 529 more
760 486 887 528 solito
915 486 1187 540 elephantum
1215 485 1492 540 procumbere

136 549 260 590 iussit
292 547 335 587 in
368 561 522 601 genua:
566 547 638 600 qui
671 549 718 587 ut
752 561 795 587 se
828 546 1042 599 submisit,
1075 546 1202 586 ceteri
1235 560 1404 599 quoque
1441 569 1488 574 —

137 609 196 648 ita
228 606 339 649 enim
373 607 557 647 instituti
592 608 712 647 erant
737 630 784 634 —
810 606 1015 647 demisere
1049 619 1227 659 corpora
1257 605 1301 646 in
1326 607 1492 645 terram.

63 678 107 709 40
136 667 197 707 Ea
235 682 301 707 res
340 670 382 706 et
413 665 570 707 Porum
613 668 655 706 et
687 667 848 706 ceteros
887 664 1122 707 iictoribus
1156 664 1339 705 tradidit.
1406 663 1493 704 Rex
1514 667 1561 702 51

138 726 312 781 spoliari
347 740 500 779 corpus
532 725 649 779 Pori,
683 725 983 778 interemptum
1017 738 1107 765 esse
1141 724 1332 776 credens,
1366 723 1494 776 iubet,
1515 741 1548 766 ιο

136 789 188 838 et,
222 785 295 839 qui
322 784 593 826 detraherent
618 784 790 825 loricam
820 786 1078 837 vestemque,
1111 797 1372 836 concurrere,
1397 797 1492 824 cum

135 845 260 886 belua
302 844 521 885 dominum
555 844 661 885 tueri
697 848 738 884 et
770 843 1003 897 spoliantes
1036 843 1177 897 coepit
1209 843 1406 896 adpetere
1438 843 1493 883 le-

135 907 367 958 vatumque
395 918 549 958 corpus
576 904 665 944 eius
691 917 837 944 rursus
865 902 989 944 dorso
1018 917 1094 943 suo
1122 903 1337 956 inponere.
1376 900 1493 956 Ergo

135 964 232 1004 telis
278 963 465 1017 midique
508 964 720 1015 obruitur,
766 962 1048 1015 confossoque
1087 975 1135 1002 eo
1176 963 1215 1002 111
1252 960 1493 1002 vehiculum

65 1036 106 1066 41
137 1022 272 1064 Porus
306 1023 537 1077 inponitur.
602 1021 735 1071 Quem
775 1038 848 1063 rex
879 1025 927 1062 ut
960 1021 1066 1062 vidit
1098 1021 1363 1062 adlevantem
1398 1034 1494 1060 ocu·
1516 1037 1548 1063 15

136 1082 218 1135 los,
251 1097 338 1123 non
371 1082 488 1135 odio,
521 1081 593 1123 sed
625 1082 896 1122 miseratione
929 1083 1185 1122 commotus:
1229 1079 1378 1133 Quae,
1411 1094 1496 1120 ma-

136 1141 256 1195 lum',
289 1142 440 1195 inquit,
474 1141 675 1182 ‘amentia
703 1144 745 1182 te
773 1141 914 1196 coegit
938 1155 1080 1181 rerum
1108 1155 1294 1180 mearum
1323 1139 1495 1194 cognita

136 1201 249 1242 fama
280 1202 382 1242 belli
414 1201 629 1242 fortunam
664 1200 860 1255 experiri,
892 1214 986 1241 cum
1016 1199 1176 1240 Taxilis
1210 1202 1319 1240 esset
1351 1199 1396 1239 in
1429 1198 1495 1239 de-

138 1261 249 1302 ditos
271 1260 518 1301 clementiae
545 1275 662 1302 meae
683 1263 768 1301 tam
791 1260 1083 1314 propinquum
1103 1258 1183 1299 tibi
1205 1257 1492 1312 exemplum?

66 1333 109 1363 42
137 1320 195 1360 At
229 1321 316 1361 ille:
353 1319 608 1372 ‘Quoniam',
640 1321 791 1374 inquit,
825 1319 1116 1373 ‘percontaris,
1150 1317 1415 1372 respondebo
1449 1332 1496 1357 ea
1516 1335 1550 1360 20

136 1380 348 1433 libertate,
381 1394 508 1433 quam
542 1378 842 1433 interrogando
875 1378 1032 1420 fecisti:
1068 1378 1281 1419 neminem
1315 1391 1381 1417 me
1414 1376 1495 1417 for-

137 1440 292 1480 tiorem
325 1454 415 1480 esse
445 1439 678 1480 censebam.
730 1438 845 1479 Meas
874 1439 985 1479 enim
1012 1452 1211 1479 noveram
1239 1437 1362 1489 vires,
1394 1449 1496 1477 non-

141 1498 238 1539 dum
274 1501 473 1552 expertus
500 1501 611 1539 tuas:
645 1498 866 1539 fortiorem
893 1512 983 1538 esse
1009 1500 1051 1537 te
1076 1496 1176 1538 belli
1206 1495 1350 1537 docuit
1376 1509 1496 1535 even-

139 1562 219 1599 tus.
284 1557 366 1598 Sed
409 1572 461 1598 ne
495 1558 555 1598 sic
597 1557 765 1611 quidem
807 1572 956 1611 parum
997 1555 1098 1597 felix
1132 1570 1243 1609 sum,
1289 1554 1496 1596 secundus

69 1629 112 1660 43
139 1617 244 1658 tibi?
298 1617 461 1658 Rursus
495 1617 795 1672 interrogatuS,
830 1616 931 1670 quid
961 1616 1051 1670 ipse
1078 1616 1283 1656 victorem
1311 1617 1496 1655 statuere
1517 1631 1549 1656 25

140 1676 291 1718 debere
324 1679 528 1717 censeret:
563 1676 701 1725 ‘Quod
732 1675 838 1729 hic⁷,
883 1676 1041 1729 inquit,
1087 1674 1190 1715 ‘dies
1223 1673 1304 1714 tibi
1337 1673 1497 1725 suadet,

69 1749 113 1778 44
143 1750 226 1790 quo
273 1739 471 1790 expertus
518 1750 577 1788 es,
623 1750 749 1790 quam
791 1735 947 1777 caduca
981 1734 1162 1775 felicitas
1196 1732 1332 1774 esset.9
1396 1732 1496 1773 Plus

142 1795 352 1836 monendo
404 1795 604 1861 profecit,
655 1809 781 1849 quam
833 1795 866 1835 si
919 1796 1112 1847 precatus
1164 1795 1290 1834 esset:
1339 1792 1497 1846 quippe

143 1855 479 1929 magnitudinem
514 1855 644 1895 animi
676 1855 765 1895 eius
796 1854 1029 1895 interritam
1058 1867 1104 1893 ac
1130 1867 1181 1893 ne
1208 1852 1382 1892 fortuna
1408 1851 1497 1904 qui-

239 1959 338 2005 2et]
367 1960 399 1994 ei
426 1963 462 1993 P.
536 1959 760 2004 pertinacia]
780 1958 985 2003 pertinatia
1006 1962 1037 1992 c.
1113 1962 1133 1990 4
1160 1957 1312 1991 tandem
1336 1956 1495 1991 Giunta:

142 2009 288 2041 tantum
310 2010 348 2040 A.
424 2007 662 2051 gravatus]g
639 2008 807 2040 oratusB
827 2018 871 2040 m.
884 2018 954 2049 pr„
975 2007 1170 2051 grautusL
1191 2016 1235 2038 m.
1252 2015 1310 2048 pr.
1387 2007 1406 2037 8
1435 2003 1497 2036 de-

142 2055 275 2089 misere
301 2057 326 2087 B
347 2066 391 2088 m.
413 2066 495 2089 sec:
524 2054 696 2088 dimisere
717 2057 755 2088 A.
833 2057 874 2088 14
897 2053 1140 2096 confossoque
1163 2052 1297 2086 {ldust
1328 2049 1498 2094 conposi-

143 2104 256 2146 toque
277 2105 315 2135 A.
418 2105 457 2136 17
487 2102 625 2147 inquit]
653 2101 784 2145 inquid
811 2104 882 2134 LV.
958 2100 1138 2145 amentia]
1165 2098 1303 2133 amenti
1325 2102 1350 2131 P
1378 2110 1420 2132 m.
1439 2109 1496 2141 pr.

149 2154 187 2182 19
216 2149 466 2193 propinquum
487 2153 512 2182 L
535 2161 575 2183 m.
597 2160 679 2184 sec:
700 2148 910 2193 propinquo
931 2152 970 2182 A.
1046 2151 1090 2181 20
1110 2146 1248 2191 inquit]
1271 2145 1403 2189 inquid
1423 2148 1496 2178 LV.

144 2201 185 2230 ‘21
215 2197 424 2242 fortiorem]
451 2196 644 2231 forciorem
670 2199 709 2230 V.
842 2200 885 2230 22
913 2196 1103 2240 noveram]
1130 2194 1297 2228 nouerim
1324 2197 1350 2226 F
1378 2204 1420 2226 m.
1437 2203 1496 2236 pr.

144 2249 186 2278 23
215 2244 421 2290 fortiorem]
449 2244 642 2278 forciorem
669 2247 710 2279 V.
882 2247 926 2276 24
952 2244 1100 2288 parum]
1134 2252 1292 2286 paruum
1324 2245 1350 2273 F
1377 2252 1421 2274 m.
1441 2251 1497 2283 pr.

144 2295 187 2325 25
215 2292 322 2336 quid]
350 2292 434 2335 quic
461 2295 496 2324 P.
608 2295 651 2325 26
678 2290 816 2336 inquit]
843 2290 974 2333 inquid
1002 2293 1075 2323 LV.
1181 2292 1224 2323 27
1254 2299 1326 2332 quo
1355 2288 1496 2322 Lauer:

145 2340 243 2383 quod
271 2343 309 2373 A.
410 2343 452 2373 29
480 2339 629 2374 fortuna
659 2340 816 2373 (ι’ίαηίαε
845 2338 1033 2372 fortunam
1061 2341 1099 2370 Δ.
