<?xml version="1.0" encoding="UTF-8"?>
<!DOCTYPE html PUBLIC "-//W3C//DTD XHTML 1.0 Transitional//EN"
    "http://www.w3.org/TR/xhtml1/DTD/xhtml1-transitional.dtd">
<html xmlns="http://www.w3.org/1999/xhtml" xml:lang="en" lang="en">
 <head>
  <title>
</title>
<meta http-equiv="Content-Type" content="text/html;charset=utf-8" />
  <meta name='ocr-system' content='tesseract 3.04.00' />
  <meta name='ocr-capabilities' content='ocr_page ocr_carea ocr_par ocr_line ocrx_word'/>
</head>
<body>
  <div class='ocr_page' id='page_1' title='image "./historiaealexand00curtuoft_0288.png"; bbox 0 0 1610 2522; ppageno 0'>
   <div class='ocr_carea' id='block_1_1' title="bbox 79 347 117 376">
    <p class='ocr_par' dir='ltr' id='par_1_1' title="bbox 79 347 117 376">
     <span class='ocr_line' id='line_1_1' title="bbox 79 347 117 376; baseline 0 0"><span class='ocrx_word' id='word_1_1' title='bbox 79 347 117 376; x_wconf 94' lang='grc'>11</span> 
     </span>
    </p>
   </div>
   <div class='ocr_carea' id='block_1_2' title="bbox 79 465 118 495">
    <p class='ocr_par' dir='ltr' id='par_1_2' title="bbox 79 465 118 495">
     <span class='ocr_line' id='line_1_2' title="bbox 79 465 118 495; baseline 0 0"><span class='ocrx_word' id='word_1_2' title='bbox 79 465 118 495; x_wconf 81' lang='lat'>12</span> 
     </span>
    </p>
   </div>
   <div class='ocr_carea' id='block_1_3' title="bbox 78 703 118 733">
    <p class='ocr_par' dir='ltr' id='par_1_3' title="bbox 78 703 118 733">
     <span class='ocr_line' id='line_1_3' title="bbox 78 703 118 733; baseline 0 0"><span class='ocrx_word' id='word_1_3' title='bbox 78 703 118 733; x_wconf 81' lang='lat'>13</span> 
     </span>
    </p>
   </div>
   <div class='ocr_carea' id='block_1_4' title="bbox 77 823 118 852">
    <p class='ocr_par' dir='ltr' id='par_1_4' title="bbox 77 823 118 852">
     <span class='ocr_line' id='line_1_4' title="bbox 77 823 118 852; baseline 0 0"><span class='ocrx_word' id='word_1_4' title='bbox 77 823 118 852; x_wconf 78' lang='lat'>14</span> 
     </span>
    </p>
   </div>
   <div class='ocr_carea' id='block_1_5' title="bbox 77 1061 117 1091">
    <p class='ocr_par' dir='ltr' id='par_1_5' title="bbox 77 1061 117 1091">
     <span class='ocr_line' id='line_1_5' title="bbox 77 1061 117 1091; baseline 0 0"><span class='ocrx_word' id='word_1_5' title='bbox 77 1061 117 1091; x_wconf 87' lang='lat'>15</span> 
     </span>
    </p>
   </div>
   <div class='ocr_carea' id='block_1_6' title="bbox 76 1240 117 1270">
    <p class='ocr_par' dir='ltr' id='par_1_6' title="bbox 76 1240 117 1270">
     <span class='ocr_line' id='line_1_6' title="bbox 76 1240 117 1270; baseline 0 0"><span class='ocrx_word' id='word_1_6' title='bbox 76 1240 117 1270; x_wconf 73' lang='lat'>10</span> 
     </span>
    </p>
   </div>
   <div class='ocr_carea' id='block_1_7' title="bbox 77 1837 117 1865">
    <p class='ocr_par' dir='ltr' id='par_1_7' title="bbox 77 1837 117 1865">
     <span class='ocr_line' id='line_1_7' title="bbox 77 1837 117 1865; baseline -0.05 0"><span class='ocrx_word' id='word_1_7' title='bbox 77 1837 117 1865; x_wconf 57' lang='lat'>1⁸</span> 
     </span>
    </p>
   </div>
   <div class='ocr_carea' id='block_1_8' title="bbox 77 2015 117 2043">
    <p class='ocr_par' dir='ltr' id='par_1_8' title="bbox 77 2015 117 2043">
     <span class='ocr_line' id='line_1_8' title="bbox 77 2015 117 2043; baseline -0.075 1"><span class='ocrx_word' id='word_1_8' title='bbox 77 2015 117 2043; x_wconf 57' lang='grc'>111</span> 
     </span>
    </p>
   </div>
   <div class='ocr_carea' id='block_1_9' title="bbox 148 107 1001 149">
    <p class='ocr_par' dir='ltr' id='par_1_9' title="bbox 148 107 1001 149">
     <span class='ocr_line' id='line_1_9' title="bbox 148 107 1001 149; baseline 0 -7"><span class='ocrx_word' id='word_1_9' title='bbox 148 107 233 148; x_wconf 76' lang='grc'>274</span> <span class='ocrx_word' id='word_1_10' title='bbox 651 111 690 149; x_wconf 77' lang='lat' dir='ltr'>Q.</span> <span class='ocrx_word' id='word_1_11' title='bbox 719 107 861 143; x_wconf 79' lang='lat' dir='ltr'>CUBTI</span> <span class='ocrx_word' id='word_1_12' title='bbox 890 108 1001 143; x_wconf 78' lang='lat' dir='ltr'><strong>RUFI</strong></span> 
     </span>
    </p>
   </div>
   <div class='ocr_carea' id='block_1_10' title="bbox 144 217 1575 2058">
    <p class='ocr_par' dir='ltr' id='par_1_10' title="bbox 144 217 1575 2058">
     <span class='ocr_line' id='line_1_10' title="bbox 148 217 1502 271; baseline 0.001 -14"><span class='ocrx_word' id='word_1_13' title='bbox 148 217 263 258; x_wconf 87' lang='lat' dir='ltr'>tebat</span> <span class='ocrx_word' id='word_1_14' title='bbox 296 218 380 258; x_wconf 85' lang='lat' dir='ltr'>via:</span> <span class='ocrx_word' id='word_1_15' title='bbox 414 231 521 271; x_wconf 88' lang='lat' dir='ltr'>opus</span> <span class='ocrx_word' id='word_1_16' title='bbox 555 221 644 258; x_wconf 90' lang='lat' dir='ltr'>erat</span> <span class='ocrx_word' id='word_1_17' title='bbox 677 217 821 258; x_wconf 88' lang='lat' dir='ltr'>eadem</span> <span class='ocrx_word' id='word_1_18' title='bbox 849 217 987 258; x_wconf 86' lang='lat' dir='ltr'>omnis</span> <span class='ocrx_word' id='word_1_19' title='bbox 1016 217 1258 259; x_wconf 88' lang='lat' dir='ltr'>coniuratos</span> <span class='ocrx_word' id='word_1_20' title='bbox 1284 221 1408 260; x_wconf 88' lang='lat' dir='ltr'>nocte</span> <span class='ocrx_word' id='word_1_21' title='bbox 1435 233 1502 259; x_wconf 85' lang='lat' dir='ltr'>ex-</span> 
     </span>
     <span class='ocr_line' id='line_1_11' title="bbox 148 276 1503 331; baseline 0.002 -15"><span class='ocrx_word' id='word_1_22' title='bbox 148 276 318 328; x_wconf 82' lang='lat' dir='ltr'>cubare,</span> <span class='ocrx_word' id='word_1_23' title='bbox 364 291 415 316; x_wconf 87' lang='lat' dir='ltr'>ne</span> <span class='ocrx_word' id='word_1_24' title='bbox 458 277 509 317; x_wconf 89' lang='lat' dir='ltr'>ab</span> <span class='ocrx_word' id='word_1_25' title='bbox 552 277 798 331; x_wconf 78' lang='lat' dir='ltr'>expertibus</span> <span class='ocrx_word' id='word_1_26' title='bbox 838 276 1005 318; x_wconf 86' lang='lat' dir='ltr'>consilii</span> <span class='ocrx_word' id='word_1_27' title='bbox 1037 276 1347 331; x_wconf 85' lang='lat' dir='ltr'>inpedirentur,</span> <span class='ocrx_word' id='word_1_28' title='bbox 1391 278 1503 320; x_wconf 86' lang='lat' dir='ltr'>forte</span> 
     </span>
     <span class='ocr_line' id='line_1_12' title="bbox 148 336 1503 391; baseline 0.002 -15"><span class='ocrx_word' id='word_1_29' title='bbox 148 339 289 377; x_wconf 87' lang='lat' dir='ltr'>autem</span> <span class='ocrx_word' id='word_1_30' title='bbox 332 336 441 376; x_wconf 90' lang='lat' dir='ltr'>alius</span> <span class='ocrx_word' id='word_1_31' title='bbox 480 337 563 377; x_wconf 87' lang='lat' dir='ltr'>alia</span> <span class='ocrx_word' id='word_1_32' title='bbox 603 340 727 378; x_wconf 89' lang='lat' dir='ltr'>nocte</span> <span class='ocrx_word' id='word_1_33' title='bbox 767 336 1015 378; x_wconf 78' lang='lat' dir='ltr'>excubabat.</span> <span class='ocrx_word' id='word_1_34' title='bbox 1078 336 1226 390; x_wconf 84' lang='lat' dir='ltr'>ltaque</span> <span class='ocrx_word' id='word_1_35' title='bbox 1260 337 1302 377; x_wconf 93' lang='lat' dir='ltr'>in</span> <span class='ocrx_word' id='word_1_36' title='bbox 1336 352 1503 391; x_wconf 91' lang='lat' dir='ltr'>permu—</span> 
     </span>
     <span class='ocr_line' id='line_1_13' title="bbox 146 394 1504 451; baseline 0.002 -16"><span class='ocrx_word' id='word_1_37' title='bbox 146 394 286 436; x_wconf 87' lang='lat' dir='ltr'>tandis</span> <span class='ocrx_word' id='word_1_38' title='bbox 327 396 559 436; x_wconf 88' lang='lat' dir='ltr'>stationum</span> <span class='ocrx_word' id='word_1_39' title='bbox 600 396 765 436; x_wconf 77' lang='lat' dir='ltr'>vicibus</span> <span class='ocrx_word' id='word_1_40' title='bbox 799 398 1023 449; x_wconf 89' lang='lat' dir='ltr'>ceteroque</span> <span class='ocrx_word' id='word_1_41' title='bbox 1057 399 1264 450; x_wconf 88' lang='lat' dir='ltr'>apparatu</span> <span class='ocrx_word' id='word_1_42' title='bbox 1298 410 1504 451; x_wconf 82' lang='lat' dir='ltr'>exequen-</span> 
     </span>
     <span class='ocr_line' id='line_1_14' title="bbox 149 454 1575 511; baseline -0.001 -16"><span class='ocrx_word' id='word_1_43' title='bbox 149 454 224 495; x_wconf 89' lang='lat' dir='ltr'>dae</span> <span class='ocrx_word' id='word_1_44' title='bbox 256 455 316 495; x_wconf 85' lang='lat' dir='ltr'>rei</span> <span class='ocrx_word' id='word_1_45' title='bbox 350 466 444 495; x_wconf 81' lang='lat' dir='ltr'>xxx</span> <span class='ocrx_word' id='word_1_46' title='bbox 477 458 519 496; x_wconf 93' lang='lat' dir='ltr'>et</span> <span class='ocrx_word' id='word_1_47' title='bbox 552 455 634 496; x_wconf 92' lang='lat' dir='ltr'>duo</span> <span class='ocrx_word' id='word_1_48' title='bbox 668 455 756 496; x_wconf 88' lang='lat' dir='ltr'>dies</span> <span class='ocrx_word' id='word_1_49' title='bbox 791 455 1007 509; x_wconf 86' lang='lat' dir='ltr'>absumpti</span> <span class='ocrx_word' id='word_1_50' title='bbox 1041 459 1149 496; x_wconf 90' lang='lat' dir='ltr'>sunt.</span> <span class='ocrx_word' id='word_1_51' title='bbox 1214 455 1375 497; x_wconf 86' lang='lat' dir='ltr'>Aderat</span> <span class='ocrx_word' id='word_1_52' title='bbox 1406 471 1505 511; x_wconf 85' lang='lat' dir='ltr'>nox,</span> <span class='ocrx_word' id='word_1_53' title='bbox 1526 460 1575 495; x_wconf 76' lang='lat'>22</span> 
     </span>
     <span class='ocr_line' id='line_1_15' title="bbox 147 514 1559 568; baseline 0.002 -14"><span class='ocrx_word' id='word_1_54' title='bbox 147 529 229 568; x_wconf 85' lang='lat' dir='ltr'>qua</span> <span class='ocrx_word' id='word_1_55' title='bbox 257 514 467 555; x_wconf 86' lang='lat' dir='ltr'>coniurati</span> <span class='ocrx_word' id='word_1_56' title='bbox 496 515 703 556; x_wconf 81' lang='lat' dir='ltr'>excubare</span> <span class='ocrx_word' id='word_1_57' title='bbox 728 515 950 568; x_wconf 87' lang='lat' dir='ltr'>debebant,</span> <span class='ocrx_word' id='word_1_58' title='bbox 978 518 1126 555; x_wconf 87' lang='lat' dir='ltr'>mutua</span> <span class='ocrx_word' id='word_1_59' title='bbox 1147 515 1229 556; x_wconf 89' lang='lat' dir='ltr'>fide</span> <span class='ocrx_word' id='word_1_60' title='bbox 1249 515 1362 568; x_wconf 86' lang='lat' dir='ltr'>laeti,</span> <span class='ocrx_word' id='word_1_61' title='bbox 1384 515 1505 557; x_wconf 90' lang='lat' dir='ltr'>cuius</span> <span class='ocrx_word' id='word_1_62' title='bbox 1543 534 1559 558; x_wconf 74' lang='lat' dir='ltr'>c.</span> 
     </span>
     <span class='ocr_line' id='line_1_16' title="bbox 147 574 1505 629; baseline 0.003 -16"><span class='ocrx_word' id='word_1_63' title='bbox 147 574 448 615; x_wconf 81' lang='lat' dir='ltr'>documentum</span> <span class='ocrx_word' id='word_1_64' title='bbox 481 577 547 615; x_wconf 89' lang='lat' dir='ltr'>tot</span> <span class='ocrx_word' id='word_1_65' title='bbox 579 574 668 615; x_wconf 87' lang='lat' dir='ltr'>(lies</span> <span class='ocrx_word' id='word_1_66' title='bbox 701 574 880 615; x_wconf 85' lang='lat' dir='ltr'>fuerant.</span> <span class='ocrx_word' id='word_1_67' title='bbox 934 574 1157 615; x_wconf 86' lang='lat' dir='ltr'>Neminem</span> <span class='ocrx_word' id='word_1_68' title='bbox 1192 578 1330 616; x_wconf 87' lang='lat' dir='ltr'>metus</span> <span class='ocrx_word' id='word_1_69' title='bbox 1357 589 1505 629; x_wconf 81' lang='lat' dir='ltr'>spesve</span> 
     </span>
     <span class='ocr_line' id='line_1_17' title="bbox 147 633 1505 689; baseline 0.001 -16"><span class='ocrx_word' id='word_1_70' title='bbox 147 636 403 674; x_wconf 86' lang='lat' dir='ltr'>mutaverat:</span> <span class='ocrx_word' id='word_1_71' title='bbox 447 636 567 674; x_wconf 88' lang='lat' dir='ltr'>tanta</span> <span class='ocrx_word' id='word_1_72' title='bbox 607 633 804 675; x_wconf 88' lang='lat' dir='ltr'>omnibus</span> <span class='ocrx_word' id='word_1_73' title='bbox 847 633 912 675; x_wconf 88' lang='lat' dir='ltr'>vel</span> <span class='ocrx_word' id='word_1_74' title='bbox 955 635 999 674; x_wconf 90' lang='lat' dir='ltr'>in</span> <span class='ocrx_word' id='word_1_75' title='bbox 1031 648 1173 689; x_wconf 86' lang='lat' dir='ltr'>regem</span> <span class='ocrx_word' id='word_1_76' title='bbox 1209 635 1270 675; x_wconf 87' lang='lat' dir='ltr'>ira</span> <span class='ocrx_word' id='word_1_77' title='bbox 1302 635 1368 675; x_wconf 80' lang='lat' dir='ltr'>vel</span> <span class='ocrx_word' id='word_1_78' title='bbox 1402 635 1505 676; x_wconf 86' lang='lat' dir='ltr'>fides</span> 
     </span>
     <span class='ocr_line' id='line_1_18' title="bbox 146 692 1505 749; baseline 0.001 -16"><span class='ocrx_word' id='word_1_79' title='bbox 146 694 257 734; x_wconf 90' lang='lat' dir='ltr'>inter</span> <span class='ocrx_word' id='word_1_80' title='bbox 290 693 405 747; x_wconf 88' lang='lat' dir='ltr'>ipsos</span> <span class='ocrx_word' id='word_1_81' title='bbox 438 693 531 734; x_wconf 84' lang='lat' dir='ltr'>fuit.</span> <span class='ocrx_word' id='word_1_82' title='bbox 585 692 763 734; x_wconf 78' lang='lat' dir='ltr'><strong>Stabant</strong></span> <span class='ocrx_word' id='word_1_83' title='bbox 797 693 929 749; x_wconf 84' lang='lat' dir='ltr'>igitur</span> <span class='ocrx_word' id='word_1_84' title='bbox 961 693 1013 734; x_wconf 85' lang='lat' dir='ltr'>ad</span> <span class='ocrx_word' id='word_1_85' title='bbox 1044 694 1157 734; x_wconf 89' lang='lat' dir='ltr'>fores</span> <span class='ocrx_word' id='word_1_86' title='bbox 1184 693 1299 734; x_wconf 83' lang='lat' dir='ltr'>aedis</span> <span class='ocrx_word' id='word_1_87' title='bbox 1326 694 1429 748; x_wconf 75' lang='lat' dir='ltr'>eius,</span> <span class='ocrx_word' id='word_1_88' title='bbox 1463 694 1505 735; x_wconf 90' lang='lat' dir='ltr'>in</span> 
     </span>
     <span class='ocr_line' id='line_1_19' title="bbox 147 753 1559 808; baseline 0.002 -15"><span class='ocrx_word' id='word_1_89' title='bbox 147 767 229 806; x_wconf 89' lang='lat' dir='ltr'>qua</span> <span class='ocrx_word' id='word_1_90' title='bbox 256 766 329 793; x_wconf 81' lang='lat' dir='ltr'>rex</span> <span class='ocrx_word' id='word_1_91' title='bbox 355 753 618 803; x_wconf 79' lang='lat' dir='ltr'>vescebatur,</span> <span class='ocrx_word' id='word_1_92' title='bbox 648 756 694 793; x_wconf 88' lang='lat' dir='ltr'>ut</span> <span class='ocrx_word' id='word_1_93' title='bbox 722 753 918 794; x_wconf 82' lang='lat' dir='ltr'>convivio</span> <span class='ocrx_word' id='word_1_94' title='bbox 947 767 1162 808; x_wconf 85' lang='lat' dir='ltr'>egressum</span> <span class='ocrx_word' id='word_1_95' title='bbox 1192 753 1231 793; x_wconf 87' lang='lat' dir='ltr'>in</span> <span class='ocrx_word' id='word_1_96' title='bbox 1261 753 1501 795; x_wconf 83' lang='lat' dir='ltr'>cubiculum</span> <span class='ocrx_word' id='word_1_97' title='bbox 1527 771 1559 796; x_wconf 75' lang='grc' dir='ltr'>ιο</span> 
     </span>
     <span class='ocr_line' id='line_1_20' title="bbox 147 811 1503 867; baseline 0.001 -15"><span class='ocrx_word' id='word_1_98' title='bbox 147 812 412 853; x_wconf 72' lang='lat' dir='ltr'>deducerent.</span> <span class='ocrx_word' id='word_1_99' title='bbox 478 811 557 853; x_wconf 85' lang='lat' dir='ltr'>Sed</span> <span class='ocrx_word' id='word_1_100' title='bbox 598 813 771 854; x_wconf 88' lang='lat' dir='ltr'>fortuna</span> <span class='ocrx_word' id='word_1_101' title='bbox 811 813 945 867; x_wconf 89' lang='lat' dir='ltr'>ipsius</span> <span class='ocrx_word' id='word_1_102' title='bbox 985 812 1197 867; x_wconf 85' lang='lat' dir='ltr'>simulque</span> <span class='ocrx_word' id='word_1_103' title='bbox 1239 813 1503 866; x_wconf 78' lang='lat' dir='ltr'>epulantium</span> 
     </span>
     <span class='ocr_line' id='line_1_21' title="bbox 146 871 1503 927; baseline 0.001 -15"><span class='ocrx_word' id='word_1_104' title='bbox 146 873 324 912; x_wconf 87' lang='lat' dir='ltr'>comitas</span> <span class='ocrx_word' id='word_1_105' title='bbox 358 871 555 926; x_wconf 82' lang='lat' dir='ltr'>provexit</span> <span class='ocrx_word' id='word_1_106' title='bbox 587 886 733 913; x_wconf 89' lang='lat' dir='ltr'>omnes</span> <span class='ocrx_word' id='word_1_107' title='bbox 767 872 817 913; x_wconf 89' lang='lat' dir='ltr'>ad</span> <span class='ocrx_word' id='word_1_108' title='bbox 851 871 1011 927; x_wconf 80' lang='lat' dir='ltr'>largius</span> <span class='ocrx_word' id='word_1_109' title='bbox 1042 873 1208 913; x_wconf 85' lang='lat' dir='ltr'>vinum:</span> <span class='ocrx_word' id='word_1_110' title='bbox 1254 872 1340 912; x_wconf 91' lang='lat' dir='ltr'>ludi</span> <span class='ocrx_word' id='word_1_111' title='bbox 1376 873 1503 914; x_wconf 86' lang='lat' dir='ltr'>etiam</span> 
     </span>
     <span class='ocr_line' id='line_1_22' title="bbox 146 931 1505 986; baseline 0.001 -15"><span class='ocrx_word' id='word_1_112' title='bbox 146 931 387 973; x_wconf 72' lang='lat' dir='ltr'>convivales</span> <span class='ocrx_word' id='word_1_113' title='bbox 423 934 643 972; x_wconf 79' lang='lat' dir='ltr'>extraxere</span> <span class='ocrx_word' id='word_1_114' title='bbox 676 935 845 986; x_wconf 87' lang='lat' dir='ltr'>tempus</span> <span class='ocrx_word' id='word_1_115' title='bbox 877 946 990 972; x_wconf 90' lang='lat' dir='ltr'>nunc</span> <span class='ocrx_word' id='word_1_116' title='bbox 1024 931 1282 973; x_wconf 86' lang='lat' dir='ltr'>laetantibus</span> <span class='ocrx_word' id='word_1_117' title='bbox 1316 933 1505 973; x_wconf 90' lang='lat' dir='ltr'>coniura-</span> 
     </span>
     <span class='ocr_line' id='line_1_23' title="bbox 145 990 1504 1046; baseline 0.001 -15"><span class='ocrx_word' id='word_1_118' title='bbox 145 990 211 1045; x_wconf 81' lang='lat' dir='ltr'>tis,</span> <span class='ocrx_word' id='word_1_119' title='bbox 245 990 360 1045; x_wconf 85' lang='lat' dir='ltr'>quod</span> <span class='ocrx_word' id='word_1_120' title='bbox 391 992 578 1045; x_wconf 87' lang='lat' dir='ltr'>sopitum</span> <span class='ocrx_word' id='word_1_121' title='bbox 613 992 853 1046; x_wconf 79' lang='lat' dir='ltr'>adgressuri</span> <span class='ocrx_word' id='word_1_122' title='bbox 887 994 1038 1045; x_wconf 81' lang='lat' dir='ltr'>essent,</span> <span class='ocrx_word' id='word_1_123' title='bbox 1071 1006 1184 1033; x_wconf 88' lang='grc'>1111110</span> <span class='ocrx_word' id='word_1_124' title='bbox 1211 991 1419 1045; x_wconf 85' lang='lat' dir='ltr'>sollicitis,</span> <span class='ocrx_word' id='word_1_125' title='bbox 1452 1006 1504 1032; x_wconf 89' lang='lat' dir='ltr'>ne</span> 
     </span>
     <span class='ocr_line' id='line_1_24' title="bbox 145 1050 1557 1104; baseline 0.002 -14"><span class='ocrx_word' id='word_1_126' title='bbox 145 1051 189 1091; x_wconf 89' lang='lat' dir='ltr'>in</span> <span class='ocrx_word' id='word_1_127' title='bbox 226 1052 363 1091; x_wconf 90' lang='lat' dir='ltr'>lucem</span> <span class='ocrx_word' id='word_1_128' title='bbox 405 1051 646 1092; x_wconf 85' lang='lat' dir='ltr'>convivium</span> <span class='ocrx_word' id='word_1_129' title='bbox 690 1051 941 1091; x_wconf 79' lang='lat' dir='ltr'>extraheret.</span> <span class='ocrx_word' id='word_1_130' title='bbox 1007 1050 1173 1104; x_wconf 75' lang='lat' dir='ltr'>Quippe</span> <span class='ocrx_word' id='word_1_131' title='bbox 1206 1050 1313 1092; x_wconf 85' lang='lat' dir='ltr'>alios</span> <span class='ocrx_word' id='word_1_132' title='bbox 1346 1052 1386 1091; x_wconf 89' lang='grc'>111</span> <span class='ocrx_word' id='word_1_133' title='bbox 1423 1054 1504 1092; x_wconf 87' lang='lat' dir='ltr'>sta·</span> <span class='ocrx_word' id='word_1_134' title='bbox 1526 1069 1557 1094; x_wconf 87' lang='lat'>15</span> 
     </span>
     <span class='ocr_line' id='line_1_25' title="bbox 146 1109 1503 1165; baseline 0.001 -15"><span class='ocrx_word' id='word_1_135' title='bbox 146 1112 306 1150; x_wconf 86' lang='lat' dir='ltr'>tionem</span> <span class='ocrx_word' id='word_1_136' title='bbox 353 1111 578 1164; x_wconf 72' lang='lat' dir='ltr'>oportebat</span> <span class='ocrx_word' id='word_1_137' title='bbox 617 1111 755 1165; x_wconf 87' lang='lat' dir='ltr'>prima</span> <span class='ocrx_word' id='word_1_138' title='bbox 799 1111 892 1151; x_wconf 87' lang='grc'>11100</span> <span class='ocrx_word' id='word_1_139' title='bbox 925 1109 1147 1151; x_wconf 81' lang='lat' dir='ltr'>succedere</span> <span class='ocrx_word' id='word_1_140' title='bbox 1181 1111 1371 1164; x_wconf 90' lang='lat' dir='ltr'>ipsorum</span> <span class='ocrx_word' id='word_1_141' title='bbox 1404 1113 1503 1165; x_wconf 90' lang='lat' dir='ltr'>post</span> 
     </span>
     <span class='ocr_line' id='line_1_26' title="bbox 145 1169 1503 1224; baseline 0 -14"><span class='ocrx_word' id='word_1_142' title='bbox 145 1170 376 1223; x_wconf 88' lang='lat' dir='ltr'>septimum</span> <span class='ocrx_word' id='word_1_143' title='bbox 410 1169 521 1211; x_wconf 88' lang='lat' dir='ltr'>diem</span> <span class='ocrx_word' id='word_1_144' title='bbox 556 1170 744 1211; x_wconf 88' lang='lat' dir='ltr'>reditura</span> <span class='ocrx_word' id='word_1_145' title='bbox 776 1171 879 1224; x_wconf 71' lang='lat' dir='ltr'>vice,</span> <span class='ocrx_word' id='word_1_146' title='bbox 918 1184 995 1211; x_wconf 91' lang='lat' dir='ltr'>nec</span> <span class='ocrx_word' id='word_1_147' title='bbox 1027 1184 1196 1224; x_wconf 89' lang='lat' dir='ltr'>sperare</span> <span class='ocrx_word' id='word_1_148' title='bbox 1229 1172 1427 1224; x_wconf 90' lang='lat' dir='ltr'>poterant</span> <span class='ocrx_word' id='word_1_149' title='bbox 1461 1171 1503 1210; x_wconf 88' lang='lat' dir='ltr'>iu</span> 
     </span>
     <span class='ocr_line' id='line_1_27' title="bbox 145 1228 1503 1283; baseline 0.001 -14"><span class='ocrx_word' id='word_1_150' title='bbox 145 1229 253 1270; x_wconf 86' lang='lat' dir='ltr'>illud</span> <span class='ocrx_word' id='word_1_151' title='bbox 286 1232 455 1283; x_wconf 90' lang='lat' dir='ltr'>tempus</span> <span class='ocrx_word' id='word_1_152' title='bbox 489 1229 689 1270; x_wconf 86' lang='lat' dir='ltr'>omnibus</span> <span class='ocrx_word' id='word_1_153' title='bbox 717 1229 963 1270; x_wconf 82' lang='lat' dir='ltr'>duraturam</span> <span class='ocrx_word' id='word_1_154' title='bbox 991 1229 1130 1270; x_wconf 87' lang='lat' dir='ltr'>fidem.</span> <span class='ocrx_word' id='word_1_155' title='bbox 1183 1228 1381 1270; x_wconf 86' lang='lat' dir='ltr'>Ceterum</span> <span class='ocrx_word' id='word_1_156' title='bbox 1409 1244 1503 1271; x_wconf 86' lang='lat' dir='ltr'>cum</span> 
     </span>
     <span class='ocr_line' id='line_1_28' title="bbox 146 1288 1504 1343; baseline 0.001 -14"><span class='ocrx_word' id='word_1_157' title='bbox 146 1290 230 1329; x_wconf 86' lang='lat' dir='ltr'>iam</span> <span class='ocrx_word' id='word_1_158' title='bbox 264 1288 336 1330; x_wconf 84' lang='lat' dir='ltr'>lux</span> <span class='ocrx_word' id='word_1_159' title='bbox 371 1289 607 1343; x_wconf 80' lang='lat' dir='ltr'>adpeteret,</span> <span class='ocrx_word' id='word_1_160' title='bbox 653 1291 694 1330; x_wconf 89' lang='lat' dir='ltr'>et</span> <span class='ocrx_word' id='word_1_161' title='bbox 727 1290 970 1330; x_wconf 86' lang='lat' dir='ltr'>convivium</span> <span class='ocrx_word' id='word_1_162' title='bbox 1005 1289 1186 1330; x_wconf 86' lang='lat' dir='ltr'>solvitur</span> <span class='ocrx_word' id='word_1_163' title='bbox 1219 1293 1260 1329; x_wconf 91' lang='lat' dir='ltr'>et</span> <span class='ocrx_word' id='word_1_164' title='bbox 1293 1290 1504 1330; x_wconf 84' lang='lat' dir='ltr'>coniurati</span> 
     </span>
     <span class='ocr_line' id='line_1_29' title="bbox 145 1348 1540 1404; baseline 0.002 -16"><span class='ocrx_word' id='word_1_165' title='bbox 145 1351 402 1402; x_wconf 86' lang='lat' dir='ltr'>exceperunt</span> <span class='ocrx_word' id='word_1_166' title='bbox 443 1363 587 1404; x_wconf 86' lang='lat' dir='ltr'>regem</span> <span class='ocrx_word' id='word_1_167' title='bbox 627 1349 728 1390; x_wconf 87' lang='lat' dir='ltr'>laeti</span> <span class='ocrx_word' id='word_1_168' title='bbox 767 1349 1030 1390; x_wconf 83' lang='lat' dir='ltr'>occasionem</span> <span class='ocrx_word' id='word_1_169' title='bbox 1065 1348 1296 1402; x_wconf 79' lang='lat' dir='ltr'>exequendi</span> <span class='ocrx_word' id='word_1_170' title='bbox 1334 1348 1540 1391; x_wconf 81' lang='lat' dir='ltr'>sceleris-20</span> 
     </span>
     <span class='ocr_line' id='line_1_30' title="bbox 144 1407 1503 1463; baseline 0.001 -15"><span class='ocrx_word' id='word_1_171' title='bbox 144 1407 376 1449; x_wconf 86' lang='lat' dir='ltr'>admotam:</span> <span class='ocrx_word' id='word_1_172' title='bbox 410 1423 504 1448; x_wconf 85' lang='grc'>011111</span> <span class='ocrx_word' id='word_1_173' title='bbox 539 1408 693 1449; x_wconf 82' lang='grc'>111111101·</span> <span class='ocrx_word' id='word_1_174' title='bbox 722 1408 940 1463; x_wconf 71' lang='lat' dir='ltr'>attonitae,</span> <span class='ocrx_word' id='word_1_175' title='bbox 973 1411 1022 1449; x_wconf 90' lang='lat' dir='ltr'>ut</span> <span class='ocrx_word' id='word_1_176' title='bbox 1048 1407 1253 1449; x_wconf 83' lang='lat' dir='ltr'>creditum</span> <span class='ocrx_word' id='word_1_177' title='bbox 1284 1411 1358 1461; x_wconf 76' lang='lat' dir='ltr'>est,</span> <span class='ocrx_word' id='word_1_178' title='bbox 1391 1422 1503 1449; x_wconf 88' lang='lat' dir='ltr'>men-</span> 
     </span>
     <span class='ocr_line' id='line_1_31' title="bbox 144 1467 1504 1523; baseline 0 -15"><span class='ocrx_word' id='word_1_179' title='bbox 144 1468 199 1508; x_wconf 89' lang='lat' dir='ltr'>tis</span> <span class='ocrx_word' id='word_1_180' title='bbox 233 1469 473 1508; x_wconf 87' lang='lat' dir='ltr'>conversari</span> <span class='ocrx_word' id='word_1_181' title='bbox 506 1468 549 1508; x_wconf 90' lang='lat' dir='ltr'>in</span> <span class='ocrx_word' id='word_1_182' title='bbox 582 1468 700 1523; x_wconf 82' lang='lat' dir='ltr'>regia</span> <span class='ocrx_word' id='word_1_183' title='bbox 731 1467 870 1520; x_wconf 88' lang='lat' dir='ltr'>solita,</span> <span class='ocrx_word' id='word_1_184' title='bbox 909 1468 1009 1522; x_wconf 85' lang='lat' dir='ltr'>quia</span> <span class='ocrx_word' id='word_1_185' title='bbox 1040 1468 1245 1508; x_wconf 88' lang='lat' dir='ltr'>instinctu</span> <span class='ocrx_word' id='word_1_186' title='bbox 1281 1467 1504 1508; x_wconf 87' lang='lat' dir='ltr'>videbatur</span> 
     </span>
     <span class='ocr_line' id='line_1_32' title="bbox 144 1527 1501 1582; baseline 0 -15"><span class='ocrx_word' id='word_1_187' title='bbox 144 1528 288 1567; x_wconf 82' lang='lat' dir='ltr'>futura</span> <span class='ocrx_word' id='word_1_188' title='bbox 314 1527 567 1582; x_wconf 77' lang='lat' dir='ltr'>praedicere,</span> <span class='ocrx_word' id='word_1_189' title='bbox 594 1542 681 1569; x_wconf 90' lang='lat' dir='ltr'>non</span> <span class='ocrx_word' id='word_1_190' title='bbox 702 1527 888 1569; x_wconf 87' lang='lat' dir='ltr'>occurrit</span> <span class='ocrx_word' id='word_1_191' title='bbox 908 1527 1035 1568; x_wconf 90' lang='lat' dir='ltr'>modo</span> <span class='ocrx_word' id='word_1_192' title='bbox 1063 1527 1249 1580; x_wconf 85' lang='lat' dir='ltr'>abeunti,</span> <span class='ocrx_word' id='word_1_193' title='bbox 1275 1527 1348 1568; x_wconf 87' lang='lat' dir='ltr'>sed</span> <span class='ocrx_word' id='word_1_194' title='bbox 1375 1528 1501 1568; x_wconf 86' lang='grc'>0113111</span> 
     </span>
     <span class='ocr_line' id='line_1_33' title="bbox 145 1586 1502 1641; baseline 0 -15"><span class='ocrx_word' id='word_1_195' title='bbox 145 1590 278 1627; x_wconf 87' lang='lat' dir='ltr'>semet</span> <span class='ocrx_word' id='word_1_196' title='bbox 331 1586 485 1628; x_wconf 88' lang='lat' dir='ltr'>obiecit</span> <span class='ocrx_word' id='word_1_197' title='bbox 533 1587 741 1641; x_wconf 83' lang='lat' dir='ltr'>vultuque</span> <span class='ocrx_word' id='word_1_198' title='bbox 785 1590 827 1627; x_wconf 86' lang='lat' dir='ltr'>et</span> <span class='ocrx_word' id='word_1_199' title='bbox 872 1587 1006 1628; x_wconf 91' lang='lat' dir='ltr'>oculis</span> <span class='ocrx_word' id='word_1_200' title='bbox 1052 1589 1215 1627; x_wconf 86' lang='lat' dir='ltr'>motum</span> <span class='ocrx_word' id='word_1_201' title='bbox 1262 1587 1502 1640; x_wconf 86' lang='lat' dir='ltr'>praeferens</span> 
     </span>
     <span class='ocr_line' id='line_1_34' title="bbox 145 1645 1556 1701; baseline 0.002 -15"><span class='ocrx_word' id='word_1_202' title='bbox 145 1646 294 1699; x_wconf 83' lang='lat' dir='ltr'>animi,</span> <span class='ocrx_word' id='word_1_203' title='bbox 338 1650 386 1686; x_wconf 89' lang='lat' dir='ltr'>ut</span> <span class='ocrx_word' id='word_1_204' title='bbox 424 1647 580 1688; x_wconf 88' lang='lat' dir='ltr'>rediret</span> <span class='ocrx_word' id='word_1_205' title='bbox 613 1647 655 1687; x_wconf 92' lang='lat' dir='ltr'>in</span> <span class='ocrx_word' id='word_1_206' title='bbox 689 1647 948 1701; x_wconf 75' lang='lat' dir='ltr'>convivium,</span> <span class='ocrx_word' id='word_1_207' title='bbox 995 1647 1171 1687; x_wconf 87' lang='lat' dir='ltr'>monuit.</span> <span class='ocrx_word' id='word_1_208' title='bbox 1235 1645 1294 1687; x_wconf 85' lang='lat' dir='ltr'>Et</span> <span class='ocrx_word' id='word_1_209' title='bbox 1327 1646 1397 1687; x_wconf 90' lang='lat' dir='ltr'>ille</span> <span class='ocrx_word' id='word_1_210' title='bbox 1428 1661 1504 1700; x_wconf 88' lang='lat' dir='ltr'>per</span> <span class='ocrx_word' id='word_1_211' title='bbox 1524 1663 1556 1689; x_wconf 84' lang='lat'>25</span> 
     </span>
     <span class='ocr_line' id='line_1_35' title="bbox 144 1705 1502 1759; baseline 0.001 -14"><span class='ocrx_word' id='word_1_212' title='bbox 144 1705 304 1759; x_wconf 69' lang='lat' dir='ltr'>ludum,</span> <span class='ocrx_word' id='word_1_213' title='bbox 339 1706 442 1746; x_wconf 90' lang='lat' dir='ltr'>bene</span> <span class='ocrx_word' id='word_1_214' title='bbox 477 1706 576 1747; x_wconf 88' lang='lat' dir='ltr'>deos</span> <span class='ocrx_word' id='word_1_215' title='bbox 610 1706 796 1759; x_wconf 69' lang='lat' dir='ltr'>suadere,</span> <span class='ocrx_word' id='word_1_216' title='bbox 830 1706 1048 1759; x_wconf 86' lang='lat' dir='ltr'>respondit</span> <span class='ocrx_word' id='word_1_217' title='bbox 1075 1705 1368 1759; x_wconf 80' lang='lat' dir='ltr'>revocatisque</span> <span class='ocrx_word' id='word_1_218' title='bbox 1401 1705 1502 1746; x_wconf 88' lang='lat' dir='ltr'>ami-</span> 
     </span>
     <span class='ocr_line' id='line_1_36' title="bbox 145 1764 1502 1818; baseline 0.001 -14"><span class='ocrx_word' id='word_1_219' title='bbox 145 1765 205 1805; x_wconf 82' lang='lat' dir='ltr'>cis</span> <span class='ocrx_word' id='word_1_220' title='bbox 250 1765 293 1805; x_wconf 89' lang='grc'>111</span> <span class='ocrx_word' id='word_1_221' title='bbox 339 1764 488 1805; x_wconf 85' lang='lat' dir='ltr'>horam</span> <span class='ocrx_word' id='word_1_222' title='bbox 535 1765 615 1806; x_wconf 91' lang='lat' dir='ltr'>diei</span> <span class='ocrx_word' id='word_1_223' title='bbox 662 1766 794 1806; x_wconf 82' lang='lat' dir='ltr'>ferme</span> <span class='ocrx_word' id='word_1_224' title='bbox 840 1765 1067 1806; x_wconf 87' lang='lat' dir='ltr'>secundam</span> <span class='ocrx_word' id='word_1_225' title='bbox 1107 1765 1290 1806; x_wconf 82' lang='lat' dir='ltr'>convivii</span> <span class='ocrx_word' id='word_1_226' title='bbox 1334 1767 1502 1818; x_wconf 89' lang='lat' dir='ltr'>tempus</span> 
     </span>
     <span class='ocr_line' id='line_1_37' title="bbox 147 1823 1503 1866; baseline 0.001 -2"><span class='ocrx_word' id='word_1_227' title='bbox 147 1825 342 1865; x_wconf 80' lang='lat' dir='ltr'>extraxit.</span> <span class='ocrx_word' id='word_1_228' title='bbox 393 1823 483 1865; x_wconf 85' lang='lat' dir='ltr'>Iam</span> <span class='ocrx_word' id='word_1_229' title='bbox 513 1824 586 1866; x_wconf 88' lang='lat' dir='ltr'>alii</span> <span class='ocrx_word' id='word_1_230' title='bbox 613 1840 662 1865; x_wconf 85' lang='lat' dir='ltr'>ex</span> <span class='ocrx_word' id='word_1_231' title='bbox 685 1825 860 1866; x_wconf 87' lang='lat' dir='ltr'>cohorte</span> <span class='ocrx_word' id='word_1_232' title='bbox 886 1825 930 1866; x_wconf 90' lang='lat' dir='ltr'>in</span> <span class='ocrx_word' id='word_1_233' title='bbox 957 1825 1184 1865; x_wconf 87' lang='lat' dir='ltr'>stationem</span> <span class='ocrx_word' id='word_1_234' title='bbox 1213 1827 1503 1865; x_wconf 87' lang='lat' dir='ltr'>successerant</span> 
     </span>
     <span class='ocr_line' id='line_1_38' title="bbox 145 1883 1502 1937; baseline 0 -13"><span class='ocrx_word' id='word_1_235' title='bbox 145 1887 242 1924; x_wconf 89' lang='lat' dir='ltr'>ante</span> <span class='ocrx_word' id='word_1_236' title='bbox 276 1883 457 1925; x_wconf 75' lang='lat' dir='ltr'>cubiculi</span> <span class='ocrx_word' id='word_1_237' title='bbox 489 1884 602 1925; x_wconf 87' lang='lat' dir='ltr'>fores</span> <span class='ocrx_word' id='word_1_238' title='bbox 635 1884 895 1937; x_wconf 82' lang='lat' dir='ltr'>excubituri,</span> <span class='ocrx_word' id='word_1_239' title='bbox 940 1883 1077 1925; x_wconf 89' lang='lat' dir='ltr'>adhuc</span> <span class='ocrx_word' id='word_1_240' title='bbox 1110 1887 1251 1924; x_wconf 90' lang='lat' dir='ltr'>tamen</span> <span class='ocrx_word' id='word_1_241' title='bbox 1291 1883 1502 1925; x_wconf 87' lang='lat' dir='ltr'>coniurati</span> 
     </span>
     <span class='ocr_line' id='line_1_39' title="bbox 145 1942 1556 1997; baseline 0.001 -14"><span class='ocrx_word' id='word_1_242' title='bbox 145 1942 315 1984; x_wconf 81' lang='lat' dir='ltr'>stabant</span> <span class='ocrx_word' id='word_1_243' title='bbox 348 1944 438 1983; x_wconf 90' lang='lat' dir='ltr'>vice</span> <span class='ocrx_word' id='word_1_244' title='bbox 472 1943 603 1984; x_wconf 89' lang='lat' dir='ltr'>officii</span> <span class='ocrx_word' id='word_1_245' title='bbox 636 1944 700 1984; x_wconf 88' lang='lat' dir='ltr'>sui</span> <span class='ocrx_word' id='word_1_246' title='bbox 728 1945 913 1997; x_wconf 84' lang='lat' dir='ltr'>expleta:</span> <span class='ocrx_word' id='word_1_247' title='bbox 947 1943 1051 1984; x_wconf 90' lang='lat' dir='ltr'>adeo</span> <span class='ocrx_word' id='word_1_248' title='bbox 1084 1944 1277 1997; x_wconf 82' lang='lat' dir='ltr'>pertinax</span> <span class='ocrx_word' id='word_1_249' title='bbox 1304 1957 1398 1996; x_wconf 86' lang='lat' dir='ltr'>spes</span> <span class='ocrx_word' id='word_1_250' title='bbox 1425 1946 1500 1996; x_wconf 86' lang='lat' dir='ltr'>est,</span> <span class='ocrx_word' id='word_1_251' title='bbox 1522 1961 1556 1986; x_wconf 82' lang='lat'>30</span> 
     </span>
     <span class='ocr_line' id='line_1_40' title="bbox 146 2001 1502 2058; baseline 0 -16"><span class='ocrx_word' id='word_1_252' title='bbox 146 2017 272 2056; x_wconf 81' lang='lat' dir='ltr'>quam</span> <span class='ocrx_word' id='word_1_253' title='bbox 312 2002 522 2044; x_wconf 87' lang='lat' dir='ltr'>humanae</span> <span class='ocrx_word' id='word_1_254' title='bbox 560 2007 723 2044; x_wconf 86' lang='lat' dir='ltr'>mentes</span> <span class='ocrx_word' id='word_1_255' title='bbox 767 2003 1087 2045; x_wconf 84' lang='lat' dir='ltr'>devoraverunt.</span> <span class='ocrx_word' id='word_1_256' title='bbox 1151 2001 1241 2043; x_wconf 87' lang='lat' dir='ltr'>Rex</span> <span class='ocrx_word' id='word_1_257' title='bbox 1274 2002 1502 2058; x_wconf 84' lang='lat' dir='ltr'>benignius</span> 
     </span>
    </p>
   </div>
   <div class='ocr_carea' id='block_1_11' title="bbox 144 2095 1501 2415">
    <p class='ocr_par' dir='ltr' id='par_1_11' title="bbox 144 2095 1501 2415">
     <span class='ocr_line' id='line_1_41' title="bbox 243 2095 1501 2141; baseline 0 -12"><span class='ocrx_word' id='word_1_258' title='bbox 243 2100 261 2129; x_wconf 76' lang='lat'><strong>2</strong></span> <span class='ocrx_word' id='word_1_259' title='bbox 290 2095 520 2141; x_wconf 69' lang='lat' dir='ltr'>expertibus]</span> <span class='ocrx_word' id='word_1_260' title='bbox 541 2096 717 2140; x_wconf 75' lang='lat' dir='ltr'>experitis</span> <span class='ocrx_word' id='word_1_261' title='bbox 739 2100 764 2129; x_wconf 84' lang='grc' dir='ltr'><strong><em>Ρ</em></strong></span> <span class='ocrx_word' id='word_1_262' title='bbox 787 2108 828 2130; x_wconf 81' lang='lat' dir='ltr'>m.</span> <span class='ocrx_word' id='word_1_263' title='bbox 845 2108 902 2140; x_wconf 75' lang='lat' dir='ltr'>pr.</span> <span class='ocrx_word' id='word_1_264' title='bbox 980 2098 999 2129; x_wconf 84' lang='lat'><strong>3</strong></span> <span class='ocrx_word' id='word_1_265' title='bbox 1026 2095 1064 2128; x_wconf 90' lang='lat' dir='ltr'>in</span> <span class='ocrx_word' id='word_1_266' title='bbox 1086 2096 1360 2141; x_wconf 77' lang='lat' dir='ltr'>permutandis]</span> <span class='ocrx_word' id='word_1_267' title='bbox 1388 2095 1501 2129; x_wconf 85' lang='lat' dir='ltr'>inter-</span> 
     </span>
     <span class='ocr_line' id='line_1_42' title="bbox 145 2142 1499 2178; baseline 0 -1"><span class='ocrx_word' id='word_1_268' title='bbox 145 2143 337 2177; x_wconf 68' lang='lat' dir='ltr'>mutandis</span> <span class='ocrx_word' id='word_1_269' title='bbox 365 2147 396 2176; x_wconf 88' lang='lat' dir='ltr'>C.</span> <span class='ocrx_word' id='word_1_270' title='bbox 474 2147 492 2176; x_wconf 87' lang='lat'>6</span> <span class='ocrx_word' id='word_1_271' title='bbox 521 2145 651 2177; x_wconf 82' lang='lat' dir='ltr'>mutua</span> <span class='ocrx_word' id='word_1_272' title='bbox 680 2144 839 2178; x_wconf 74' lang='lat' dir='ltr'>Giunta:</span> <span class='ocrx_word' id='word_1_273' title='bbox 867 2143 984 2177; x_wconf 85' lang='lat' dir='ltr'>multa</span> <span class='ocrx_word' id='word_1_274' title='bbox 1013 2146 1051 2176; x_wconf 78' lang='lat' dir='ltr'>A.</span> <span class='ocrx_word' id='word_1_275' title='bbox 1129 2146 1147 2175; x_wconf 87' lang='lat'>9</span> <span class='ocrx_word' id='word_1_276' title='bbox 1175 2142 1277 2176; x_wconf 74' lang='lat' dir='ltr'>aedis</span> <span class='ocrx_word' id='word_1_277' title='bbox 1306 2145 1331 2175; x_wconf 89' lang='lat' dir='ltr'>B</span> <span class='ocrx_word' id='word_1_278' title='bbox 1354 2155 1396 2176; x_wconf 86' lang='lat' dir='ltr'>m.</span> <span class='ocrx_word' id='word_1_279' title='bbox 1417 2155 1499 2177; x_wconf 64' lang='lat' dir='ltr'>seen:</span> 
     </span>
     <span class='ocr_line' id='line_1_43' title="bbox 145 2189 1500 2236; baseline 0.001 -13"><span class='ocrx_word' id='word_1_280' title='bbox 145 2191 242 2224; x_wconf 84' lang='lat' dir='ltr'>sedis</span> <span class='ocrx_word' id='word_1_281' title='bbox 270 2194 308 2225; x_wconf 81' lang='lat' dir='ltr'>A.</span> <span class='ocrx_word' id='word_1_282' title='bbox 399 2195 440 2225; x_wconf 85' lang='lat'>10</span> <span class='ocrx_word' id='word_1_283' title='bbox 468 2192 523 2236; x_wconf 85' lang='lat' dir='ltr'>ut]</span> <span class='ocrx_word' id='word_1_284' title='bbox 552 2194 588 2225; x_wconf 88' lang='lat' dir='ltr'>et</span> <span class='ocrx_word' id='word_1_285' title='bbox 614 2194 652 2225; x_wconf 86' lang='lat' dir='ltr'>V.</span> <span class='ocrx_word' id='word_1_286' title='bbox 744 2195 784 2225; x_wconf 79' lang='lat'>12</span> <span class='ocrx_word' id='word_1_287' title='bbox 813 2191 907 2235; x_wconf 85' lang='lat' dir='ltr'>ludi]</span> <span class='ocrx_word' id='word_1_288' title='bbox 936 2190 972 2223; x_wconf 94' lang='lat' dir='ltr'>lu</span> <span class='ocrx_word' id='word_1_289' title='bbox 1000 2193 1025 2223; x_wconf 89' lang='lat' dir='ltr'>B</span> <span class='ocrx_word' id='word_1_290' title='bbox 1049 2202 1090 2224; x_wconf 86' lang='lat' dir='ltr'>m.</span> <span class='ocrx_word' id='word_1_291' title='bbox 1108 2202 1165 2234; x_wconf 75' lang='lat' dir='ltr'>pr.</span> <span class='ocrx_word' id='word_1_292' title='bbox 1244 2194 1285 2223; x_wconf 78' lang='lat'>14</span> <span class='ocrx_word' id='word_1_293' title='bbox 1312 2189 1500 2235; x_wconf 79' lang='lat' dir='ltr'>sollicitis}</span> 
     </span>
     <span class='ocr_line' id='line_1_44' title="bbox 145 2237 1500 2283; baseline 0 -12"><span class='ocrx_word' id='word_1_294' title='bbox 145 2238 300 2272; x_wconf 77' lang='lat' dir='ltr'>solicitis</span> <span class='ocrx_word' id='word_1_295' title='bbox 328 2242 362 2271; x_wconf 90' lang='lat' dir='ltr'>P.</span> <span class='ocrx_word' id='word_1_296' title='bbox 474 2243 514 2272; x_wconf 82' lang='lat'>17</span> <span class='ocrx_word' id='word_1_297' title='bbox 544 2239 741 2282; x_wconf 85' lang='lat' dir='ltr'>septimum</span> <span class='ocrx_word' id='word_1_298' title='bbox 769 2242 802 2272; x_wconf 83' lang='lat'>1:</span> <span class='ocrx_word' id='word_1_299' title='bbox 829 2251 879 2272; x_wconf 74' lang='lat' dir='ltr'>vn</span> <span class='ocrx_word' id='word_1_300' title='bbox 907 2241 944 2271; x_wconf 77' lang='lat' dir='ltr'>A.</span> <span class='ocrx_word' id='word_1_301' title='bbox 1042 2241 1083 2271; x_wconf 88' lang='grc'>18</span> <span class='ocrx_word' id='word_1_302' title='bbox 1111 2237 1342 2283; x_wconf 85' lang='lat' dir='ltr'>duraturam]</span> <span class='ocrx_word' id='word_1_303' title='bbox 1370 2238 1500 2272; x_wconf 87' lang='lat' dir='ltr'>duram</span> 
     </span>
     <span class='ocr_line' id='line_1_45' title="bbox 144 2285 1500 2331; baseline 0 -13"><span class='ocrx_word' id='word_1_304' title='bbox 144 2289 180 2319; x_wconf 86' lang='grc' dir='ltr'>Β.</span> <span class='ocrx_word' id='word_1_305' title='bbox 205 2298 246 2319; x_wconf 83' lang='lat' dir='ltr'>m.</span> <span class='ocrx_word' id='word_1_306' title='bbox 264 2299 321 2330; x_wconf 74' lang='lat' dir='ltr'>pr.</span> <span class='ocrx_word' id='word_1_307' title='bbox 393 2290 435 2319; x_wconf 71' lang='lat'>24</span> <span class='ocrx_word' id='word_1_308' title='bbox 457 2286 591 2331; x_wconf 83' lang='lat' dir='ltr'>oculis]</span> <span class='ocrx_word' id='word_1_309' title='bbox 613 2285 752 2320; x_wconf 85' lang='lat' dir='ltr'>occulis</span> <span class='ocrx_word' id='word_1_310' title='bbox 773 2290 808 2319; x_wconf 86' lang='lat' dir='ltr'>L.</span> <span class='ocrx_word' id='word_1_311' title='bbox 879 2290 922 2319; x_wconf 72' lang='lat'>25</span> <span class='ocrx_word' id='word_1_312' title='bbox 944 2285 1104 2330; x_wconf 74' lang='lat' dir='ltr'>monuit]</span> <span class='ocrx_word' id='word_1_313' title='bbox 1126 2285 1243 2319; x_wconf 82' lang='lat' dir='ltr'>mouit</span> <span class='ocrx_word' id='word_1_314' title='bbox 1264 2289 1299 2319; x_wconf 88' lang='lat' dir='ltr'>P.</span> <span class='ocrx_word' id='word_1_315' title='bbox 1370 2289 1413 2319; x_wconf 72' lang='lat'>27</span> <span class='ocrx_word' id='word_1_316' title='bbox 1435 2285 1500 2318; x_wconf 93' lang='lat' dir='ltr'>ho-</span> 
     </span>
     <span class='ocr_line' id='line_1_46' title="bbox 144 2332 1499 2379; baseline 0.001 -13"><span class='ocrx_word' id='word_1_317' title='bbox 144 2334 239 2379; x_wconf 75' lang='lat' dir='ltr'>rum]</span> <span class='ocrx_word' id='word_1_318' title='bbox 261 2344 362 2366; x_wconf 84' lang='lat' dir='ltr'>oram</span> <span class='ocrx_word' id='word_1_319' title='bbox 384 2337 418 2367; x_wconf 90' lang='lat' dir='ltr'>P.</span> <span class='ocrx_word' id='word_1_320' title='bbox 490 2338 533 2368; x_wconf 79' lang='lat'>28</span> <span class='ocrx_word' id='word_1_321' title='bbox 555 2334 823 2379; x_wconf 74' lang='lat' dir='ltr'>successerant]</span> <span class='ocrx_word' id='word_1_322' title='bbox 845 2334 1073 2367; x_wconf 80' lang='lat' dir='ltr'>successerat</span> <span class='ocrx_word' id='word_1_323' title='bbox 1094 2336 1132 2365; x_wconf 86' lang='lat' dir='ltr'>V.</span> <span class='ocrx_word' id='word_1_324' title='bbox 1203 2336 1246 2366; x_wconf 73' lang='lat'>29</span> <span class='ocrx_word' id='word_1_325' title='bbox 1268 2332 1445 2367; x_wconf 79' lang='lat' dir='ltr'>cubiculi</span> <span class='ocrx_word' id='word_1_326' title='bbox 1466 2336 1499 2367; x_wconf 83' lang='lat'>1:</span> 
     </span>
     <span class='ocr_line' id='line_1_47' title="bbox 145 2380 928 2415; baseline 0.001 -2"><span class='ocrx_word' id='word_1_327' title='bbox 145 2380 259 2414; x_wconf 73' lang='lat' dir='ltr'>cubili</span> <span class='ocrx_word' id='word_1_328' title='bbox 287 2384 325 2414; x_wconf 82' lang='lat' dir='ltr'>A.</span> <span class='ocrx_word' id='word_1_329' title='bbox 426 2386 466 2415; x_wconf 83' lang='lat'>31</span> <span class='ocrx_word' id='word_1_330' title='bbox 496 2384 640 2415; x_wconf 84' lang='lat' dir='ltr'>mentes</span> <span class='ocrx_word' id='word_1_331' title='bbox 666 2385 698 2415; x_wconf 88' lang='lat' dir='ltr'>I:</span> <span class='ocrx_word' id='word_1_332' title='bbox 726 2381 862 2415; x_wconf 83' lang='lat' dir='ltr'>mentis</span> <span class='ocrx_word' id='word_1_333' title='bbox 890 2384 928 2414; x_wconf 77' lang='lat' dir='ltr'>A.</span> 
     </span>
    </p>
   </div>
  </div>
 </body>
</html>
