1610 2522
27 459 42 484 5

13 758 44 783 10

0 922 43 956 29

11 1054 42 1079 15

14 1647 46 1672 25

355 93 688 128 HIsToRIARUM
715 92 996 127 ALEXANDRI
1024 92 1067 137 X,
1095 98 1125 127 9.
1329 93 1413 134 385

64 204 261 259 perisset,
300 203 485 258 exponit.
546 203 624 245 Ille
660 202 776 244 velut
807 217 918 244 nova
948 217 993 243 re
1026 202 1252 243 exterritus
1285 202 1415 242 admi-

63 264 159 318 rari,
192 263 310 318 queri
342 263 608 317 dolentisque
641 263 823 317 speciem
859 264 1070 303 ostentare
1103 262 1140 302 ei
1175 261 1331 315 coepit:
1362 261 1414 302 ad

64 323 262 364 ultimum
293 323 501 377 convenit,
533 325 580 363 ut
607 321 1048 377 conprehenderentur
1074 323 1160 362 tam
1188 321 1415 362 seditiosae

63 383 180 424 vocis
225 384 429 424 auctores.
504 380 609 437 Agit
653 381 866 437 Meleager
909 381 1066 437 gratias
1112 380 1415 435 amplexusque
1445 387 1486 417 10

62 442 306 484 Perdiccam
344 442 469 483 fidem
508 442 598 482 eius
637 440 681 481 in
720 456 763 482 se
802 455 850 482 ac
881 440 1213 482 benivolentiam
1248 439 1416 481 conlau-

63 501 144 543 dat.
207 501 314 542 Tum
347 501 560 542 communi
594 500 771 542 consilio
803 500 1010 542 rationem
1044 499 1310 554 opprimendi
1342 514 1415 541 no·
1445 507 1483 537 11

63 562 155 603 xios
202 561 360 601 ineunt.
433 560 578 602 Placet
623 560 854 602 exercitum
893 561 1033 615 patrio
1072 574 1188 600 more
1226 560 1415 600 lustrari:

64 623 105 662 et
136 620 370 674 probabilis
403 634 527 661 causa
553 619 776 661 videbatur
802 620 1030 674 praeterita
1057 619 1277 660 discordia.
1328 618 1415 659 Ma-
1445 627 1485 657 1-2

64 679 270 722 cedonum
302 693 421 735 reges
453 680 513 721 ita
544 679 724 721 lustrare
758 680 874 720 soliti
907 681 1027 720 erant
1065 678 1238 732 milites,
1280 681 1328 718 ut
1358 678 1416 718 di-

65 740 218 781 scissae
252 740 366 781 canis
398 740 558 781 viscera
588 739 742 780 ultimo
775 740 818 780 in
852 753 1018 792 campo,
1058 739 1101 779 in
1134 753 1258 792 quem
1292 738 1416 778 dedu-

64 802 228 840 ceretur
259 799 481 854 exercitus,
513 798 564 839 ab
598 801 776 852 utraque
809 798 1024 840 abicerent
1055 801 1188 852 parte,
1230 797 1341 838 intra
1374 797 1417 837 id

65 858 249 913 spatium
281 858 431 900 armati
459 872 604 900 omnes
632 860 805 912 starent,
837 857 937 898 hinc
963 858 1138 911 equites7
1170 857 1290 898 illinc
1315 856 1417 910 pha-

62 919 174 958 lanx.
236 916 387 971 Itaque
425 932 473 958 00
513 918 595 967 die⁷
641 932 763 971 quem
804 917 904 958 huic
937 931 1055 958 sacro
1089 917 1414 970 destinaverant,
1444 924 1486 953 13

64 992 138 1018 rex
170 993 264 1018 011111
299 977 515 1031 equitibus
549 976 870 1031 elephantisque
901 977 1149 1017 constiterat
1175 979 1323 1018 contra
1349 990 1417 1029 pe—

65 1037 190 1090 dites,
235 1037 329 1090 quis
362 1036 575 1092 Meleager
618 1039 821 1091 praeerat.
890 1034 979 1077 Iam
1025 1042 1221 1089 equestre
1266 1049 1417 1090 agmen
1446 1043 1487 1072 14

64 1095 328 1151 movebatur,
385 1099 426 1137 et
469 1096 630 1150 pedites
676 1096 816 1136 subita
854 1095 1079 1137 formidine
1119 1095 1171 1136 ob
1208 1097 1416 1137 recentem

64 1155 316 1197 discordiam
348 1154 461 1196 haud
494 1170 592 1197 sane
624 1155 764 1209 pacati
792 1156 1018 1209 quicquam
1045 1157 1317 1209 expectantes
1344 1170 1416 1208 pa-

64 1230 235 1269 rumper
255 1215 569 1269 addubitavere,
590 1230 642 1255 311
663 1215 707 1256 111
727 1215 875 1256 urbem
899 1214 1182 1256 subducerent
1204 1215 1346 1268 copias
1363 1239 1416 1242 —

65 1275 222 1330 quippe
242 1289 319 1328 pro
341 1274 554 1328 equitibus
575 1274 774 1328 planities
795 1277 884 1315 erat
904 1299 973 1328 ——7
1001 1277 1186 1315 ceterum
1207 1274 1344 1326 veriti,
1366 1289 1416 1314 ne
1446 1281 1487 1310 15

12 1352 26 1376 2
65 1336 222 1375 temere
249 1333 587 1375 commilitonum
613 1334 739 1375 fidem
767 1334 1027 1389 damnarent,
1053 1333 1282 1375 substitere
1302 1348 1417 1387 prae-

65 1393 224 1446 paratis
268 1393 320 1434 ad
353 1393 637 1434 dimicandum
680 1393 849 1447 animis,
895 1394 930 1434 si
976 1393 1070 1447 quis
1112 1394 1198 1434 vim
1231 1392 1417 1434 inferret.

65 1451 152 1494 Iam
180 1452 348 1507 agmina
375 1452 558 1506 coibant,
590 1467 850 1506 parvumque
877 1453 1146 1494 intervallum
1174 1455 1275 1506 erat,
1306 1452 1416 1506 quod

65 1512 197 1553 aciem
241 1515 466 1566 utramque
511 1511 738 1553 divideret:
783 1513 929 1565 itaque
974 1527 1046 1553 rex
1088 1526 1183 1553 cum
1225 1527 1309 1552 11113
1350 1513 1413 1554 ala
1445 1519 1486 1550 16

67 1571 313 1625 obequitare
350 1571 564 1625 peditibus
604 1572 743 1626 coepit
782 1571 1014 1613 discordiae
1055 1574 1267 1625 auctores7
1312 1585 1417 1625 quos

66 1631 176 1671 tueri
208 1630 297 1685 ipse
331 1630 522 1684 debebat,
555 1631 760 1672 instinctu
781 1630 1005 1672 Perdiccae
1038 1631 1089 1671 ad
1119 1631 1328 1685 supplicia
1354 1630 1419 1672 de-

67 1703 261 1744 poscens,
300 1689 624 1744 minabaturque
664 1705 807 1731 omnes
846 1693 1005 1731 turmas
1044 1705 1139 1732 cum
1183 1690 1419 1744 elephantis

166 1834 180 1863 1
210 1830 326 1877 velut]
352 1831 461 1865 velud
487 1835 558 1864 LV.
706 1834 725 1864 2
753 1831 873 1877 queri]
901 1841 971 1874 que
999 1843 1036 1866 se
1064 1836 1094 1864 S.
1242 1830 1418 1876 speciem]

68 1877 224 1921 spetiem
250 1882 286 1912 L.
402 1883 423 1911 4
450 1879 563 1924 vocis]
592 1890 699 1912 uoces
726 1882 762 1912 F.
886 1883 905 1912 5
933 1879 990 1924 30]
1019 1879 1065 1912 ad
1091 1882 1131 1912 V.
1249 1882 1268 1912 6
1296 1878 1418 1922 oppri-

68 1925 207 1970 mendi]
235 1925 499 1969 opprimendae
527 1931 558 1961 G.
660 1929 676 1959 7
704 1925 847 1971 Placet]
875 1925 1023 1970 placeat
1050 1931 1079 1960 S.
1180 1930 1199 1959 9
1227 1926 1418 1971 discissae]

69 1972 252 2021 discessae
279 1976 304 2006 B
325 1985 367 2007 m.
384 1985 442 2017 pr.
544 1976 586 2007 10
612 1973 767 2019 viscera]
795 1973 870 2008 suis
899 1984 981 2008 cera
1007 1977 1033 2007 B
1054 1986 1097 2008 m.
1113 1985 1172 2018 pr.
1271 1973 1419 2018 ultimo]

68 2031 133 2054 om.
156 2024 186 2054 S.
264 2025 305 2054 12
326 2020 506 2066 phalanx]
526 2021 651 2065 phanx
672 2024 697 2054 L
718 2033 760 2054 m.
776 2032 854 2065 2322,
875 2021 1061 2065 phalanex
1074 2025 1113 2054 V.
1191 2024 1233 2055 13
1255 2032 1363 2065 quem
1385 2024 1418 2054 I:

70 2079 163 2110 quae
183 2071 222 2101 A.
312 2073 354 2101 14
376 2067 673 2114 elephantisque]
696 2068 940 2112 elefantisque
955 2073 990 2102 L.
1079 2068 1314 2114 constiterat]
1336 2079 1420 2101 con-

70 2114 243 2149 stiterant
269 2120 289 2148 S
309 2127 354 2150 m.
369 2128 428 2160 pr.
516 2119 556 2150 16
584 2116 797 2161 formidine]
824 2116 980 2150 formine
1008 2119 1033 2149 Β
1054 2128 1097 2150 m.
1114 2128 1172 2161 pr.
1194 2120 1219 2149 L
1240 2128 1283 2149 m.
1300 2127 1357 2160 pr.
1379 2119 1419 2149 V.

73 2165 114 2195 17
141 2162 282 2208 pacati]
308 2163 453 2207 peccati
473 2167 510 2197 B.
598 2163 813 2209 quicquam]
835 2163 1013 2207 quiquam
1033 2167 1071 2198 V.
1164 2168 1205 2198 19
1227 2163 1420 2208 planities]

71 2209 250 2253 planicies
265 2215 296 2244 C.
366 2214 410 2245 20
430 2211 583 2256 temere]
606 2212 736 2245 timere
750 2215 776 2244 F
796 2223 841 2245 rm.
856 2223 914 2255 μ’.
985 2211 1218 2256 damnarent]
1243 2211 1420 2254 dampna-

71 2258 153 2290 rent
177 2260 216 2291 V.
315 2261 357 2291 21
386 2259 448 2304 ad]
476 2269 497 2292 3
522 2263 562 2293 V.
661 2262 703 2293 22
732 2257 898 2304 coibant]
926 2259 1106 2302 quoibant
1133 2262 1167 2291 L.
1268 2262 1310 2291 23
1338 2269 1420 2291 cum

72 2304 162 2349 una]
189 2315 381 2340 commune
406 2309 435 2338 V
456 2318 499 2341 m.
515 2318 573 2350 pr.
674 2310 717 2339 ‘24
745 2305 980 2351 obequitare]
1011 2305 1228 2349 abequitare
1255 2309 1279 2338 L
1303 2318 1343 2339 m.
1361 2316 1418 2349 pr.

74 2355 116 2385 26
143 2351 445 2399 minabaturque]
471 2353 767 2397 manabaturque
793 2357 829 2387 F.

146 2418 281 2443 Guwrms
303 2418 410 2443 Rurns
431 2419 474 2443 ed.
496 2419 674 2443 Hedicke*
714 2419 768 2443 Ed.
789 2419 892 2443 maior.
1164 2416 1206 2445 25
