1610 2522
519 591 580 656 Q.
617 590 872 645 OURTI
910 591 1112 644 RUFI

630 723 999 762 HISTORIARUM

258 853 935 917 ALEXANDRI
999 852 1369 916 MAGNI

641 992 980 1035 MACEDONIs

708 1122 851 1156 LIBER
876 1122 918 1156 X.

102 1238 117 1271 Ι
227 1232 365 1274 Isdem
398 1233 486 1273 fere
519 1231 667 1273 diebus
689 1231 894 1273 Cleander
926 1235 967 1273 et
994 1230 1172 1272 Sitalces
1199 1234 1241 1272 et
1267 1246 1362 1272 cum
1384 1230 1494 1287 Aga·
1515 1235 1536 1270 1

137 1292 268 1334 thone
301 1291 499 1334 Heracon
538 1291 858 1346 superveniunt,
904 1291 976 1345 qui
1014 1290 1338 1332 Parmenionem
1377 1291 1495 1332 iussu

138 1353 250 1407 retris
289 1352 541 1393 occiderant
611 1363 638 1391 V
678 1350 795 1392 milia
832 1350 1024 1416 peditum
1066 1365 1162 1392 cum
1200 1349 1417 1404 equitibus
1449 1361 1496 1403 M,

91 1424 110 1453 2
140 1412 212 1452 sed
245 1414 287 1453 et
320 1415 585 1452 accusatores
618 1425 689 1451 eos
717 1425 738 1451 e
764 1411 998 1464 provincia,
1030 1411 1097 1450 cui
1123 1410 1406 1463 praefuerant,
1435 1424 1495 1450 se-

139 1471 390 1525 quebantur.
441 1469 534 1511 Nec
560 1473 625 1511 tot
650 1470 852 1523 facinora,
885 1472 990 1523 quot
1017 1469 1286 1521 admiserant,
1313 1483 1494 1523 conpen-
1533 1485 1548 1511 5

140 1545 232 1571 sare
271 1533 442 1584 poterat
480 1529 617 1570 caedis
658 1543 864 1583 perquam
898 1532 1043 1585 gratae
1075 1529 1165 1583 regi
1197 1528 1494 1569 ministerium.

93 1600 113 1631 3
141 1589 310 1643 Quippe
343 1603 437 1630 cum
472 1589 616 1630 omnia
648 1589 824 1642 profana
857 1589 1123 1642 spoliassent,
1160 1602 1211 1628 ne
1244 1588 1373 1628 sacris
1407 1587 1495 1641 qui-

140 1649 233 1690 dem
267 1649 581 1702 abstinuerant,
618 1648 889 1703 virginesque
922 1650 964 1688 et
995 1647 1209 1701 principes
1240 1646 1495 1688 feminarum

92 1720 113 1750 4
141 1712 287 1762 stupra
318 1723 542 1762 perpessae
569 1721 796 1761 corporum
824 1707 1007 1748 ludibria
1034 1706 1256 1748 deflebant.
1304 1704 1494 1747 Invisum

139 1767 421 1809 Macedonum
462 1782 615 1807 nomen
655 1767 829 1808 avaritia
869 1781 1015 1807 eorum
1055 1780 1103 1807 ac
1135 1765 1269 1806 libido
1302 1765 1495 1806 barbaris
1515 1780 1550 1807 ιο

93 1840 111 1867 5
139 1828 308 1869 fecerat.
371 1825 488 1866 Inter
527 1841 672 1867 omnes
711 1828 852 1866 tamen
892 1825 1106 1866 eminebat
1140 1823 1333 1866 Cleandri
1366 1825 1496 1877 furor,

141 1887 214 1940 qui
246 1885 433 1927 nobilem
468 1885 677 1940 virginem
713 1888 1031 1939 constupratam
1065 1898 1186 1925 servo
1214 1898 1290 1924 suo
1316 1883 1496 1937 pelicem

92 1957 112 1987 6
140 1946 322 1987 dederat.
373 1944 570 1998 Plerique
603 1945 834 1985 amicorum
857 1944 1090 1986 Alexandri
1121 1957 1206 1984 non
1241 1946 1327 1983 tam
1358 1942 1497 1983 crimi-

139 2020 253 2058 num,
288 2019 395 2058 quae
427 2004 568 2058 palam
603 2004 912 2057 obiciebantur,
945 2003 1225 2055 atrocitatem,
1259 2016 1384 2056 quam
1412 2015 1495 2042 me-

238 2161 254 2190 1
283 2156 422 2202 Isdem]
453 2155 607 2190 Eisdem
634 2159 670 2189 P.
818 2159 837 2188 2
864 2154 1161 2199 Parmenionem]
1194 2153 1497 2198 parmoenionem

140 2207 246 2237 BLV.
352 2208 372 2236 4
400 2203 465 2238 sed
492 2206 529 2236 et
555 2207 593 2236 C:
622 2203 686 2237 sed
711 2207 748 2236 P.
847 2202 1096 2247 accusatores]
1125 2201 1362 2235 adcusatores
1388 2205 1424 2234 P.

140 2251 346 2296 provincia]
385 2250 575 2295 prouintia
612 2253 751 2284 BFLP.
898 2255 918 2284 5
954 2252 1046 2293 quot
1081 2252 1106 2282 Β
1136 2261 1179 2283 m.
1209 2260 1291 2284 sec:
1332 2248 1429 2291 quod
1457 2251 1495 2281 A.

143 2304 161 2332 6
188 2298 436 2332 ministerium
463 2302 496 2332 1:
523 2298 729 2332 ministerio
756 2301 794 2331 A.
872 2301 889 2330 7
918 2308 963 2331 ne
984 2301 1016 2330 1:
1044 2308 1111 2330 nec
1138 2299 1176 2329 A.
1254 2299 1296 2330 10
1324 2295 1496 2341 avaritia]

143 2346 307 2380 auaricia
334 2349 474 2379 FLPV.
