1610 2522
39 784 72 809 10

38 1081 70 1106 15

36 1378 69 1402 20

328 123 662 158 HISTORIARUM
688 124 971 159 ALEXANDRI
998 125 1109 168 VIHI,
1136 132 1167 160 8.
1191 132 1222 160 9.
1369 128 1451 167 341

95 232 187 273 Rex
221 236 311 273 erat
345 232 500 286 Soeris,
542 233 613 287 qui
647 233 751 274 urbe
785 233 950 274 deserta
982 234 1025 274 in
1059 237 1226 275 montes
1258 236 1455 291 profuge-

95 294 177 332 rat:
220 293 362 345 itaque
395 292 636 333 Alexander
675 293 832 346 oppido
873 294 1037 347 potitur
1076 308 1289 349 agrosque
1322 309 1455 348 popu·
1482 307 1524 336 29

94 351 217 392 latur.
280 350 461 405 Magnae
503 352 598 392 inde
641 352 820 406 praedae
862 355 978 393 actae
1020 357 1120 394 sunt
1159 368 1360 407 pecorum
1393 369 1453 394 ar-

95 413 439 465 mentorumque,
484 426 637 466 magna
677 411 741 452 vis
780 415 948 466 reperta
980 411 1195 453 frumenti.
1260 413 1452 455 Ducibus
1481 426 1524 455 30

96 469 243 511 deinde
271 470 452 523 sumptis
479 471 614 510 amnis
641 470 788 524 peritis
816 471 994 511 defluxit
1021 471 1072 512 ad
1100 472 1283 513 insulam
1313 473 1452 514 medio

95 530 227 570 ferme
263 530 382 570 alveo
416 532 594 570 enatam.

182 587 247 629 Ibi
281 589 440 629 diutius
474 588 705 630 subsistere
733 593 917 643 coactus,
950 590 1051 643 quia
1076 590 1202 631 duces
1230 591 1448 632 socordius
1475 596 1523 629 IX

94 648 303 688 adservati
324 649 615 702 profugerant,
635 649 764 701 misit,
787 650 858 702 qui
881 650 1180 703 conquirerent
1201 650 1318 691 alios.
1362 650 1453 692 Nec

93 708 270 761 repertis
318 708 494 761 pervicit
539 708 692 761 cupido
733 709 896 749 visendi
929 707 1143 750 Oceanum
1185 710 1451 764 adeundique

94 766 297 807 terminos
342 766 489 808 mundi
533 767 622 808 sine
666 768 852 823 regionis
898 768 1047 821 peritis
1094 769 1259 809 flumini
1301 769 1450 824 ignoto

93 829 220 879 caput
253 841 374 867 suum
402 829 550 880 totque
577 827 910 868 fortissimorum
938 827 1127 868 virorum
1156 829 1335 869 salutem
1360 843 1451 883 per-

92 886 279 926 mittere:
305 885 564 941 navigabant
592 901 691 941 ergo
721 886 923 934 omnium,
956 902 1030 941 per
1058 902 1165 941 quae
1191 887 1451 938 ferebantur,
1479 900 1496 930 ἓ

91 944 239 999 ignari.
304 944 518 993 Quantum
557 945 653 986 inde
687 945 853 986 abesset
886 961 1018 999 mare,
1064 961 1171 999 quae
1203 950 1351 1001 gentes
1385 962 1450 988 co-

90 1004 238 1057 lerent,
271 1019 397 1057 quam
430 1004 645 1058 placidum
679 1006 814 1046 amnis
848 1020 908 1059 os,
946 1020 1073 1059 quam
1106 1007 1272 1059 patiens
1305 1006 1450 1062 longa-

91 1078 186 1104 rum
218 1064 391 1104 navium
424 1067 546 1115 esset,
581 1079 734 1118 anceps
766 1067 808 1105 et
841 1079 963 1105 caeca
995 1065 1238 1106 aestimatio
1272 1080 1449 1120 augura-

91 1121 232 1163 batur:
260 1138 390 1163 unum
419 1126 507 1164 erat
527 1124 779 1164 temeritatis
802 1125 1006 1165 solacium
1028 1128 1236 1179 perpetua
1257 1125 1448 1166 felicitas.

89 1180 178 1222 Iam
208 1193 319 1223 0000
348 1182 482 1223 stadia
508 1186 813 1236 processerant,
847 1198 941 1224 cum
969 1184 1276 1240 gubernatores
1300 1199 1450 1240 agnos-
1477 1197 1496 1226 3

90 1255 182 1282 cere
226 1241 341 1295 ipsos
387 1256 532 1282 auram
576 1243 705 1283 maris
750 1245 793 1283 et
836 1243 950 1284 haud
995 1245 1144 1297 procul
1190 1244 1322 1285 videri
1368 1244 1450 1285 sibi

90 1298 303 1341 Oceanum
355 1301 500 1342 abesse
551 1302 739 1342 indicant
784 1303 885 1357 regi.
966 1302 1122 1344 Laetus
1169 1305 1240 1344 isse
1285 1304 1448 1345 hortari
1475 1317 1495 1346 4

89 1360 285 1401 nauticos
319 1361 471 1414 coepit.
504 1361 799 1402 incumberent
825 1362 971 1403 remis:
1006 1363 1151 1404 adesse
1178 1362 1306 1404 finem
1333 1363 1449 1404 labo-

89 1419 147 1459 ris
181 1419 379 1460 omnibus
412 1421 524 1461 votis
557 1421 811 1474 expetitum:
845 1421 927 1462 iam
962 1421 1070 1462 nihil
1103 1422 1263 1477 gloriae
1294 1422 1449 1476 deesse,

88 1478 198 1519 nihil
231 1479 400 1519 obstare
432 1480 598 1533 virtuti,
633 1479 722 1520 sine
755 1482 843 1521 ullo
876 1480 1027 1521 Martis
1062 1481 1325 1536 discrimine,
1358 1483 1448 1522 sine

90 1538 294 1592 sanguine
328 1553 444 1579 oram
475 1541 610 1579 terrae
638 1539 689 1579 ab
717 1539 803 1580 inis
831 1540 941 1594 capi:
974 1554 1027 1581 ne
1053 1544 1248 1581 naturam
1277 1542 1447 1594 quidem

89 1596 259 1651 longius
291 1611 417 1650 posse
449 1598 691 1651 procedere:
727 1598 844 1639 brevi
877 1599 1096 1655 incognita
1128 1600 1210 1640 nisi
1244 1600 1447 1641 inmorta-

35 1675 49 1698 2
88 1655 201 1696 hbus
245 1671 336 1696 esse
381 1657 557 1698 visuros.
621 1657 783 1698 Paucos
829 1661 972 1699 tamen
1010 1660 1181 1713 navigio
1223 1660 1365 1700 emisit
1404 1660 1447 1701 in
1475 1672 1494 1701 5

89 1716 239 1769 ripam,
273 1716 346 1769 qui
373 1719 559 1770 agrestes
587 1732 718 1772 vagos
746 1718 1002 1771 exciperent,
1035 1733 1056 1758 e
1084 1718 1238 1771 quibus
1267 1719 1447 1760 certiora

87 1775 207 1815 nosci
239 1789 363 1828 posse
397 1776 603 1829 sperabat.
666 1775 735 1818 Illi
768 1778 947 1818 scrutati
981 1779 1124 1819 omnia
1157 1778 1329 1833 tuguria
1358 1781 1447 1819 tan-

91 1833 184 1874 dem
218 1833 399 1875 latentes
431 1850 664 1889 repperere.
729 1834 811 1884 Qui
844 1837 1107 1891 interrogati,
1141 1852 1268 1890 quam
1296 1837 1447 1891 procul
1474 1851 1492 1880 6

88 1892 286 1934 abessent
312 1894 430 1943 mari,
456 1895 767 1948 responderunt
793 1897 960 1936 nullum
985 1896 1104 1950 ipsos
1125 1911 1240 1937 mare
1260 1911 1312 1937 ne
1333 1898 1447 1937 fama

186 2001 203 2030 1
239 1997 360 2032 Soeris
381 1999 598 2033 Las-semus:
626 2000 759 2034 moeris
787 2003 815 2032 A
837 2000 963 2045 [meris
983 2001 1038 2045 V]
1121 2005 1140 2034 2
1167 2001 1326 2047 potitur]
1353 2002 1446 2045 peti-

88 2047 149 2078 tur
175 2048 211 2078 P.
312 2049 329 2078 7
359 2045 516 2091 diutius]
545 2046 690 2080 diucius
711 2050 749 2080 V.
849 2051 868 2081 8
896 2047 1156 2094 profugerant]
1182 2048 1401 2093 profugerat
1421 2053 1447 2082 F

92 2103 208 2135 mpr.
309 2096 328 2125 9
355 2093 514 2136 pervicit
540 2094 746 2128 Bentleius:
779 2094 956 2138 peruicax
983 2099 1021 2128 A.
1124 2100 1165 2129 14
1192 2096 1354 2141 patiens]
1381 2107 1446 2140 pa—

89 2138 188 2172 ciens
213 2143 252 2174 V.
290 2145 297 2152 “
362 2144 403 2174 15
431 2141 657 2187 aestimatio]
686 2142 883 2176 aestimato
905 2146 931 2175 F
952 2155 996 2177 m.
1011 2155 1070 2186 pr.
1178 2147 1219 2177 16
1248 2143 1445 2189 solacium]

89 2185 265 2220 solatium
290 2191 362 2222 LV.
446 2192 487 2222 17
514 2188 607 2234 Iam]
636 2200 719 2223 cum
739 2193 764 2222 P
786 2202 829 2223 m.
850 2201 909 2233 pr.
986 2190 1122 2235 stadia]
1151 2190 1258 2224 stada
1278 2194 1302 2223 L
1326 2203 1367 2225 m.
1384 2203 1442 2235 pr.

90 2236 132 2266 21
161 2234 331 2268 omnibus
357 2239 389 2269 I:
419 2236 537 2269 omnis
564 2239 603 2269 A.
722 2240 764 2270 22
792 2236 940 2282 Martis]
967 2237 1080 2271 maris
1109 2241 1139 2271 C.
1265 2241 1307 2271 23
1342 2249 1444 2272 oram

89 2281 342 2316 Eberhardus:
370 2282 495 2316 orbem
523 2286 561 2317 A.
662 2287 705 2317 26
733 2284 906 2330 certiora]
934 2285 1095 2319 cerciora
1121 2289 1159 2318 V.
1249 2288 1290 2317 27
1319 2296 1444 2329 spera—

88 2327 170 2373 bat]
192 2329 392 2371 sperabant
412 2333 447 2363 P.
517 2331 672 2364 scrutati
694 2332 926 2366 Vindelz'nus:
949 2333 1111 2365 scrutata
1133 2336 1171 2365 A.
1249 2336 1292 2366 28
1313 2343 1442 2376 reppe-

88 2375 182 2420 rere]
210 2386 364 2419 reppere
390 2380 426 2409 F.
528 2380 570 2410 29
599 2378 771 2412 abessent
797 2379 891 2412 mari
911 2383 952 2412 P:
982 2379 1127 2412 abesset
1154 2389 1254 2412 mare
1282 2384 1313 2412 C.
