1610 2522
44 330 88 361 22

122 92 201 134 168
621 93 660 134 Q.
689 92 832 127 CURTI
863 93 970 127 nnrl

116 203 281 254 verant,
326 216 450 255 posse
495 202 685 252 retineri,
731 204 901 258 gentem
947 217 1066 243 suam
1113 203 1320 244 dedidere.
1384 203 1473 245 Rex

116 260 339 302 obsidibus
373 261 556 315 acceptis
588 261 792 302 Phradati
826 276 974 316 parere
1007 277 1078 303 eos
1113 263 1244 304 iussit.

207 319 309 361 Inde
352 321 502 374 quinto
537 321 602 362 die
642 321 685 362 in
725 321 880 363 stativa
911 322 1148 363 revertitur.
1213 322 1473 364 Artabazum
1499 327 1547 363 18

117 379 266 420 deinde
308 381 524 435 geminato
566 380 746 435 honore,
798 395 923 434 quem
966 380 1130 422 Dareus
1175 381 1381 423 habuerat
1423 383 1474 435 ei,

117 438 298 480 remittit
336 439 520 481 domum.
590 438 678 480 Iam
721 440 772 480 ad
811 440 957 481 urbem
1002 440 1260 495 Hyrcaniae,
1302 441 1342 481 in
1390 456 1473 495 qua
1513 460 1528 486 5

119 499 232 554 regia
264 498 391 540 Darei
424 499 519 554 fuit,
551 502 724 540 ventum
759 502 864 541 erat:
904 498 963 540 ibi
996 499 1266 541 Nabarzanes
1300 504 1473 555 accepta

116 557 197 598 fide
231 559 416 599 occurrit
445 558 556 599 dona
587 558 780 614 ingentia
812 560 962 600 ferens.
1025 558 1142 601 Inter
1174 574 1280 613 quae
1307 559 1475 615 Bagoas

115 619 216 670 erat,
249 618 389 671 speeie
423 618 630 673 singulari
663 618 795 672 spado
829 620 956 673 atque
999 620 1042 659 in
1077 619 1168 673 ipso
1202 620 1305 660 flore
1336 619 1475 674 pueri-

114 676 210 731 tiae,
243 677 311 718 cui
345 680 386 718 et
418 677 583 719 Dareus
614 679 817 719 adsuerat
850 681 891 719 et
923 692 1021 719 mox
1056 677 1298 720 Alexander
1329 679 1475 720 adsue-

115 736 193 778 vit:
227 736 403 790 eiusque
424 737 608 778 maxime
638 737 837 791 precibus
858 740 1000 778 motus
1020 737 1263 779 Nabarzani
1297 739 1474 794 ignovit.
1499 758 1531 782 ιο

204 795 321 849 Erat,
356 799 401 837 ut
434 811 562 851 supra
590 796 752 838 dictum
786 800 861 851 est,
894 796 1134 851 Hyrcaniae
1155 798 1339 838 finitima
1371 811 1475 853 gens
1499 803 1546 839 19

114 854 400 909 Amazonum,
445 856 555 897 circa
599 855 918 898 Thermodonta
969 872 1135 898 amnem
1177 856 1476 912 Themiscyrae

70 928 82 943 r
118 915 395 956 incolentium
440 929 623 970 campos.
702 916 911 971 Reginam
962 916 1178 958 habebant
1222 916 1477 970 Thalestrin,

116 973 315 1016 omnibus
355 974 467 1015 inter
507 974 741 1017 Caucasum
780 978 971 1017 montem
1017 978 1059 1017 et
1102 976 1262 1017 Phasin
1308 991 1476 1017 amnem

115 1034 443 1088 imperitantem.
519 1034 636 1076 Haec
685 1035 882 1089 cupidine
926 1035 1089 1077 visendi
1135 1036 1248 1090 regis
1300 1049 1477 1077 aceensa
1498 1056 1530 1081 15

113 1093 271 1134 finibus
304 1094 426 1149 regni
461 1094 526 1135 sui
554 1095 737 1136 excessit
769 1097 823 1149 et,
855 1108 952 1136 cum
978 1094 1092 1136 haud
1115 1094 1263 1150 procul
1297 1094 1477 1149 abesset,

113 1153 334 1207 praemisit
367 1153 616 1208 indicantes⁷
649 1154 813 1195 venisse
848 1155 1040 1209 reginam
1068 1154 1250 1196 adeundi
1287 1154 1376 1196 eius
1411 1169 1476 1196 co-

114 1212 432 1267 gnoscendique
465 1212 643 1254 avidam.
710 1213 911 1255 Protinus
938 1213 1051 1255 faeta
1081 1216 1273 1269 potestas
1311 1216 1375 1255 est
1410 1228 1476 1255 ve-

112 1272 256 1313 niendi
293 1273 444 1314 ceteris
478 1272 604 1314 iussis
646 1273 886 1314 subsistere.
958 1273 1176 1315 Trecentis
1221 1274 1475 1315 feminarum

113 1332 315 1373 comitata
340 1333 549 1386 processit
583 1335 722 1387 atque,
755 1335 802 1373 ut
834 1333 1019 1387 primum
1054 1348 1125 1374 rex
1169 1333 1213 1374 in
1245 1335 1475 1387 conspectu
1498 1351 1532 1376 20

113 1391 206 1444 fuit,
240 1405 349 1445 equo
377 1392 471 1445 ipsa
498 1392 669 1433 desiluit
696 1393 801 1433 duas
827 1392 995 1433 lanceas
1017 1392 1190 1434 dextera
1221 1392 1475 1446 praeferens.

115 1440 258 1491 Vestis
304 1465 387 1491 non
433 1453 526 1492 tota
565 1451 832 1493 Amazonum
875 1452 1043 1506 corpori
1089 1451 1333 1493 obducitur:
1378 1467 1474 1493 nam

113 1511 233 1551 laeva
265 1525 363 1565 pars
397 1511 449 1551 ad
482 1514 631 1565 pectus
665 1514 728 1553 est
760 1511 886 1565 nuda,
918 1515 1057 1553 cetera
1090 1511 1239 1552 deinde
1270 1513 1476 1552 velantur.

113 1569 203 1610 Nec
242 1572 386 1611 tamen
426 1570 542 1611 sinus
582 1571 734 1625 vestis,
781 1586 906 1625 quem
943 1571 1056 1612 nodo
1097 1571 1323 1626 colligunt,
1369 1571 1476 1612 infra

116 1643 253 1684 genua
288 1629 515 1670 descendit.
580 1629 727 1672 Altera
764 1630 923 1685 papilla
956 1631 1117 1671 intacta
1154 1633 1362 1684 servatur,
1395 1645 1479 1684 qua
1498 1648 1532 1673 25

113 1688 334 1730 muliebris
387 1704 512 1730 sexus
557 1690 714 1731 liberos
762 1691 898 1731 alant:
955 1690 1148 1731 aduritur
1198 1689 1386 1744 dextera,
1430 1693 1477 1731 ut

68 1783 74 1791 .
115 1762 238 1789 arcus
270 1748 439 1790 facilius
472 1749 695 1790 intendant
721 1753 764 1790 et
789 1750 873 1790 tela
900 1749 1077 1791 vibrent.
1122 1748 1324 1792 Interrito
1356 1750 1478 1791 vultu

113 1821 256 1862 regem
280 1807 516 1849 Thalestris
541 1809 788 1849 intuebatur
813 1809 1008 1850 habitum
1037 1809 1127 1849 eius
1148 1808 1476 1862 haudquaquam

210 1928 229 1957 2
257 1935 388 1968 parere
415 1925 704 1960 Freinshemius:
733 1925 881 1959 tradere
908 1929 947 1959 A.
1066 1930 1084 1960 3
1113 1925 1217 1971 Inde]
1244 1926 1283 1959 in
1309 1929 1334 1958 P
1353 1937 1397 1959 m.
1416 1937 1473 1969 pr.

113 1976 133 2005 4
162 1971 290 2018 quem]
317 1983 429 2015 quam
455 1976 490 2006 P.
574 1977 593 2006 (3
620 1973 739 2018 regia]
766 1973 890 2017 regiae
917 1976 953 2006 P.
1035 1972 1273 2007 Nabarzanes
1300 1976 1332 2006 1:
1360 1972 1473 2006 naba—

112 2030 221 2054 zanes
242 2022 281 2053 A.
358 2024 378 2053 8
400 2020 540 2066 specie]
562 2020 681 2064 spetie
695 2024 730 2054 L.
808 2024 826 2054 9
850 2021 1027 2055 adsuerat
1040 2021 1185 2065 scripsi:
1208 2019 1331 2054 fuerat
1351 2024 1387 2062 Ρ,
1410 2020 1475 2053 ad-

113 2068 240 2101 suetus
269 2068 392 2101 fuerat
413 2072 445 2101 C.
532 2071 572 2102 10
598 2067 811 2102 Nabarzani
840 2072 873 2101 1:
902 2067 1085 2102 nabazani
1105 2071 1145 2102 A.
1229 2072 1270 2101 12
1298 2067 1475 2102 Thermo-

112 2114 243 2160 donta]
264 2115 502 2149 termodanta
517 2120 548 2149 c.
622 2119 662 2149 16
684 2115 802 2161 haud]
818 2117 919 2149 autP
935 2127 1046 2159 impr.
1117 2115 1280 2161 abesset]
1302 2114 1476 2149 abessent

112 2164 137 2193 P
157 2174 200 2195 m.
217 2174 276 2207 pr.
368 2167 408 2197 17
432 2163 527 2209 eius]
549 2163 601 2197 eis
623 2167 647 2196 P
668 2174 712 2197 m.
730 2175 787 2207 pr.
867 2168 908 2196 18
936 2164 1102 2207 potestas
1123 2165 1177 2197 est
1199 2164 1346 2207 scripsi:
1368 2164 1473 2207 pote—

113 2211 209 2243 state
224 2212 263 2243 A.
341 2213 383 2244 19
405 2210 611 2257 Trecentis]
627 2210 743 2244 centis
755 2213 791 2244 B.
869 2214 912 2245 20
935 2210 1064 2256 atque]
1080 2210 1200 2254 adque
1218 2214 1253 2243 L.
1329 2214 1372 2244 22
1393 2211 1475 2244 tota

111 2258 257 2301 scripsi:
286 2259 364 2291 toto
391 2261 430 2291 A.
535 2262 577 2292 24
606 2257 724 2303 sinus]
752 2258 834 2292 sinu
861 2262 886 2291 P
909 2270 949 2292 m.
972 2269 1026 2301 pr.
1120 2257 1234 2303 nodo]
1261 2258 1372 2292 modo
1398 2261 1473 2291 Pv.

112 2308 156 2338 25
178 2304 338 2350 intacta]
359 2305 500 2340 intecta
521 2310 556 2340 L.
628 2309 669 2339 27
692 2305 854 2352 vibrent]
876 2306 1010 2340 ubrent
1031 2308 1055 2338 B
1076 2317 1120 2340 m.
1137 2318 1195 2349 pr.
1273 2309 1316 2339 28
1337 2304 1472 2339 Thale-

113 2351 214 2398 stris]
242 2351 406 2387 talestris
434 2358 465 2387 C.
569 2353 878 2400 haudquaquam]
906 2352 1198 2397 haudquaquam
1225 2356 1261 2387 F.
