1610 2522
364 88 698 123 HISTORIARUM
725 88 1006 123 ALEXANDRI
1034 89 1076 133 X,
1104 94 1134 123 2.
1158 94 1188 123 3.
1372 90 1454 132 361

101 198 294 239 deuntes!
359 198 525 239 obviam
589 198 712 239 ibunt
775 197 1059 239 desertoribus
1122 199 1457 253 transfugisquel

101 257 406 312 Triumphabo,
437 257 687 310 mehercule,
726 257 776 298 de
808 257 911 313 fuga
945 260 1083 298 vestra
1115 264 1167 310 et,
1200 258 1458 312 ubicumque
1485 269 1529 300 29

101 331 189 371 ero,
229 320 423 372 expetam
455 331 614 371 poenas
646 315 742 369 hos,
785 330 879 358 cum
915 316 1069 371 quibus
1103 332 1169 357 ine
1202 317 1458 371 relinquitis,

101 376 276 418 colendo
316 376 676 430 praeferendoque
721 376 854 418 vobis
917 374 1003 417 Iam
1039 379 1180 418 autem
1213 378 1374 431 scietis,
1416 380 1458 417 et

64 454 78 478 ε.
100 439 306 489 quantum
341 436 428 477 sine
458 450 555 489 rege
582 436 720 476 valeat
746 435 968 489 exercitus,
1002 438 1043 476 et
1069 437 1170 490 quid
1198 437 1292 490 opis
1320 437 1364 477 in
1390 451 1458 477 me

30 501 73 534 ll
99 510 184 536 uno
225 495 305 536 sit.'
369 495 553 537 Desiluit
591 495 741 535 deinde
779 495 976 536 frendens
1020 496 1069 536 de
1101 496 1305 537 tribunali
1340 499 1381 536 et
1413 497 1457 537 in
1483 507 1529 537 30

100 554 286 595 medium
319 557 577 596 armatorum
611 569 762 609 agmen
795 570 839 596 se
865 555 1041 608 inmisit,
1072 558 1243 596 notatos
1273 570 1457 609 quoque,

100 614 172 667 qui
204 614 464 656 ferocissime
497 614 686 655 oblocuti
715 617 846 667 erant,
879 614 1070 669 singulos
1097 630 1223 655 manu
1252 616 1457 668 corripuit

99 688 176 714 nec
214 688 339 714 ausos
377 688 612 729 repugnare
646 685 728 713 XIII
767 674 1051 715 adservandos
1085 674 1333 715 custodibus
1367 689 1456 715 cor-

46 752 79 776 10
98 732 214 787 poris
252 733 438 774 tradidit.
502 732 604 782 Quis
643 733 831 774 crederet
864 748 1030 774 saevam
1063 733 1190 787 paulo
1224 736 1321 775 ante
1354 736 1520 775 con-HI

98 793 257 833 tionem
292 793 559 846 obtorpuisse
590 792 730 833 subito
758 796 886 846 metu,
919 794 1050 834 etiam
1084 808 1178 834 cum
1213 794 1264 834 ad
1297 794 1457 847 suppli-

99 852 210 892 cium
243 852 405 893 videret
431 852 541 892 trahi
568 852 704 893 nihilo
732 867 857 893 ausos
883 852 1082 907 graviora
1108 867 1234 906 quam
1262 854 1456 894 ceteros?

100 910 196 951 Sive
237 912 440 964 nominis,
483 911 595 965 quod
637 915 804 967 gentes,
846 926 953 965 quae
986 912 1063 953 sub
1097 912 1269 967 regibus
1302 914 1456 967 rivum,
1484 921 1504 952 3

97 984 207 1023 reyes
248 971 358 1011 inter
399 971 497 1012 deos
539 972 703 1024 colunt,
748 971 834 1012 sive
867 971 1039 1026 propria
1071 972 1205 1025 ipsius
1238 973 1454 1013 veneratio

46 1048 77 1073 15
98 1030 185 1070 sive
231 1030 384 1070 fiducia
428 1033 546 1071 tanta
590 1031 632 1071 vi
677 1031 911 1072 exercentis
956 1031 1181 1084 imperium
1221 1033 1457 1072 conterruit

99 1104 187 1130 eos:
236 1089 449 1144 singulare
501 1093 612 1131 certe
664 1090 886 1131 ediderunt
936 1091 1165 1144 patientiae
1214 1092 1455 1144 exemplum
1482 1101 1503 1131 4

98 1148 286 1202 adeoque
312 1163 397 1189 non
425 1152 522 1190 sunt
549 1149 711 1190 accensi
741 1150 953 1204 supplicio
981 1150 1332 1204 commilitonum,
1360 1165 1455 1192 cum

99 1208 176 1248 sub
215 1211 380 1249 noctem
414 1208 659 1250 interfectos
693 1223 782 1250 esse
816 1213 1089 1264 cognossent,
1134 1213 1181 1250 ut
1212 1209 1321 1250 nihil
1353 1210 1456 1250 omi-

99 1268 241 1315 serint,
275 1267 389 1321 quod
422 1267 579 1323 singuli
611 1269 747 1323 magis
782 1268 1055 1310 oboedienter
1087 1272 1129 1310 et
1160 1269 1230 1323 pie
1255 1270 1453 1310 facerent.

44 1345 77 1369 20
98 1326 207 1367 Nam
248 1341 341 1368 cuni
382 1330 552 1381 postero
593 1328 659 1368 die
697 1327 906 1382 prohibiti
939 1328 1056 1369 aditu
1088 1328 1269 1369 fuissent
1300 1328 1457 1370 Asiati·
1483 1338 1502 1368 5

98 1385 158 1427 cis
185 1386 310 1427 inodo
338 1386 546 1427 militibus
574 1387 780 1440 admissis,
812 1387 1037 1442 lugubrem
1064 1388 1167 1429 totis
1195 1389 1345 1429 castris
1373 1388 1454 1429 edi-

99 1445 194 1485 dere
222 1446 446 1486 clamorem
482 1446 778 1488 denuntiantes
804 1448 1002 1501 protinus
1030 1462 1120 1488 sese
1146 1448 1388 1501 morituros,
1421 1447 1455 1488 si

28 1509 76 1543 12
97 1520 169 1545 rex
211 1508 498 1559 perseveraret
537 1506 674 1547 irasci.
738 1505 796 1546 At
838 1507 910 1547 ille
953 1506 1186 1560 pervicacis
1219 1507 1270 1547 ad
1304 1508 1456 1561 omnia,
1484 1515 1505 1545 6

99 1578 206 1617 quae
239 1565 453 1618 agitasset,
486 1565 616 1606 animi
650 1567 973 1620 peregrinorum
1001 1567 1185 1606 militum
1214 1568 1455 1608 contionem

44 1641 76 1665 25
97 1623 295 1664 advocari
337 1623 454 1664 iubet
486 1624 791 1666 Macedonibus
833 1626 945 1665 intra
987 1628 1124 1666 castra
1166 1625 1368 1667 cohibitis
1402 1629 1455 1679 et,

99 1697 194 1722 cuin
227 1683 469 1736 frequentes
497 1685 693 1738 coissent,
729 1684 921 1726 adhibito
949 1685 1181 1739 interprete
1207 1686 1333 1726 talem
1365 1700 1454 1727 ora-

97 1742 257 1783 tionem
296 1741 463 1783 habuit:
504 1742 625 1784 ‘Cum
663 1758 714 1784 ex
746 1743 920 1798 Europa
957 1745 1179 1785 traicerem
1219 1745 1261 1784 in
1295 1744 1455 1799 Asiam,
1484 1753 1502 1782 7

98 1801 252 1841 multas
284 1801 449 1842 nobiles
483 1805 643 1857 gentes,
675 1818 873 1857 magnam
906 1804 992 1843 vim
1026 1803 1248 1844 hominum
1275 1805 1454 1859 imperio

99 1874 191 1900 meo
225 1875 290 1901 me
323 1860 565 1902 additurum
601 1876 691 1902 esse
718 1862 952 1916 sperabam.
1002 1862 1094 1904 Nec
1121 1864 1321 1917 deceptus
1349 1878 1456 1918 sum,

194 2017 212 2046 2
241 2013 285 2046 de
312 2012 418 2058 fuga]
446 2013 541 2057 (lega
560 2017 596 2047 Ι..
698 2017 715 2047 7
743 2015 906 2059 notatos]
934 2017 1065 2049 notaos
1089 2018 1127 2049 V.
1227 2018 1247 2048 8
1275 2015 1456 2059 corripuit

99 2060 239 2094 Lauer:
268 2060 422 2104 corripit
447 2063 486 2094 A.
605 2064 648 2094 10
675 2061 855 2107 crederet]
885 2062 1043 2096 credidit
1069 2066 1108 2096 V.
1227 2063 1454 2108 contionem]

99 2107 312 2141 concionem
339 2112 375 2141 F.
461 2112 502 2141 11
531 2109 663 2142 etiam
690 2120 772 2142 cum
799 2110 1003 2144 Bentzems:
1033 2111 1069 2143 et
1095 2121 1177 2143 cum
1204 2113 1243 2143 A.
1331 2114 1371 2143 12
1399 2110 1454 2143 ni-

98 2154 175 2188 hilo
202 2156 413 2190 Acidalius:
453 2155 547 2188 nihil
579 2158 618 2189 A.
767 2160 809 2190 13
836 2157 1009 2199 vivant,
1042 2168 1163 2202 ‘reyes
1194 2158 1278 2192 add.
1313 2157 1452 2202 Stangl.

100 2205 143 2234 15
164 2201 315 2247 fiducia]
330 2202 463 2236 fidutia
476 2206 548 2236 FV.
603 2207 644 2236 16
660 2203 881 2249 patientiae]
898 2204 1108 2248 pacientiae
1124 2208 1159 2238 F.
1232 2208 1275 2237 20
1296 2204 1455 2239 fuissent

99 2250 304 2284 Bentleius:
338 2250 529 2284 uenissent
555 2253 594 2283 A.
712 2254 754 2284 22
784 2251 1064 2297 denuntiantes]
1098 2252 1367 2286 denunciantes
1394 2256 1453 2285 FL

101 2308 141 2329 m.
158 2308 217 2340 pr.
299 2307 376 2330 sese
403 2299 547 2341 scripsi:
576 2308 654 2332 esse
681 2301 720 2332 A.
814 2303 855 2332 *27
885 2299 943 2344 ex]
971 2311 1036 2333 om.
1058 2303 1084 2332 P
1103 2311 1147 2333 m.
1164 2311 1222 2343 pr.
1317 2304 1358 2332 29
1389 2299 1451 2332 ad—

100 2343 279 2388 diturum]
308 2344 496 2378 aditurum
521 2348 548 2377 F
575 2357 618 2379 m.
639 2357 693 2389 pr.
