1610 2522
339 65 669 100 HISTORIARUM
700 65 980 100 ALEXANDRJ
1004 66 1063 108 ΙΠ,
1095 71 1146 100 11.
1172 70 1223 101 12.
1398 68 1450 107 31

106 177 318 229 fortunae,
369 179 570 230 quantam
620 179 740 230 pater
791 177 878 217 eius
924 176 1050 230 paulo
1103 179 1198 217 ante
1243 177 1454 231 amiserat,

105 236 306 291 genitum.
370 236 428 276 At
461 237 501 276 in
546 235 707 291 gremio
747 251 850 277 anus
890 237 1008 277 aviae
1050 237 1244 277 iacebant
1286 237 1453 278 adultae
1481 251 1523 279 25

105 295 210 336 duae
236 296 420 351 virgines
447 310 533 336 non
559 310 634 337 suo
663 298 841 349 tantum,
868 296 939 336 sed
967 297 1091 336 etiam
1121 295 1236 336 illius
1264 311 1452 338 maerore

104 355 331 396 confectae.
383 354 538 410 Ingens
561 356 672 397 circa
693 370 781 395 eam
812 355 1019 396 nobilium
1049 355 1300 397 feminarum
1327 357 1453 397 turba

67 432 81 454 τ,
103 415 349 455 constiterat
382 415 574 455 laceratis
603 415 789 456 crinibus
823 414 1093 468 abscissaque
1121 418 1248 470 veste,
1280 417 1452 469 pristini

102 473 263 515 decoris
290 474 555 527 inmemores,
587 475 753 529 reginas
780 474 1056 528 dominasque
1084 475 1192 516 veris
1226 476 1451 528 quondam,

101 537 202 573 tunc
235 534 383 575 alienis
416 534 660 574 nominibus
697 535 952 574 invocantes.
1010 533 1112 575 illae
1152 549 1250 575 suae
1284 536 1451 576 calami-
1479 549 1521 578 26

100 593 200 634 tatis
234 592 402 645 oblitae,
434 593 476 633 in
505 596 599 634 utro
634 608 765 634 cornu
797 593 959 634 Dareus
993 595 1197 647 stetisset,
1231 609 1336 647 quae
1370 595 1450 636 for-

100 654 203 693 tuna
223 652 478 693 discriminis
500 653 662 706 fuisset,
684 653 972 706 requirebant:
993 653 1208 709 negabant
1230 668 1271 694 se
1294 658 1450 709 captas,

48 730 79 754 10
100 713 134 752 si
177 711 335 753 viveret
376 727 460 753 rex.
528 711 608 753 Sed
650 712 770 753 illum
814 727 944 766 equos
993 713 1171 754 subinde
1214 717 1450 754 mutantem

99 771 269 826 longius
302 772 403 827 fuga
436 772 680 813 abstulerat.

187 831 231 872 ln
259 832 346 871 acie
373 835 513 872 autem
539 846 658 872 caesa
686 835 784 872 sunt
807 831 1030 872 Persarum
1057 832 1248 886 peditum
1273 844 1296 873 (ῑ
1318 833 1448 883 milia,
1478 848 1519 877 ⁴2?

99 890 239 931 decem
268 891 471 944 equitum,
498 894 541 931 at
568 906 591 931 a
616 894 735 945 parte
762 890 994 932 Alexandri
1021 891 1072 932 ad
1101 895 1304 945 quattuor
1330 893 1447 933 milia

98 949 322 1004 quingenti
349 951 478 992 saucii
506 951 633 1002 fuere,
666 965 715 991 ex
742 951 957 1005 peditibus
986 962 1068 992 CCC
1097 952 1270 993 omnino
1298 955 1339 993 et
1366 953 1448 993 duo

46 1026 77 1050 15
99 1010 321 1050 desiderati
364 1012 480 1063 sunt,
525 1011 716 1064 equitum
759 1013 927 1051 centum
971 1011 1282 1066 quinquaginta
1324 1013 1450 1053 inter-

97 1069 209 1111 fecti.
273 1069 455 1110 Tantulo
489 1070 689 1123 inpendio
723 1070 872 1125 ingens
907 1071 1084 1112 victoria
1117 1071 1247 1112 stetit.

26 1130 77 1164 30
186 1128 277 1170 Rex
319 1129 482 1170 avidius
515 1129 699 1170 Dareum
739 1130 1030 1184 persequendo
1069 1130 1291 1184 fatigatus,
1334 1134 1446 1185 post-
1470 1138 1536 1171 ΧΠ

99 1202 224 1241 quam
258 1192 299 1229 et
330 1203 414 1229 nox
446 1189 671 1243 adpetebat
704 1192 745 1229 et
779 1190 1063 1243 consequendi
1099 1205 1194 1244 spes
1226 1204 1311 1230 non
1346 1195 1447 1244 erat,

97 1248 140 1287 in
172 1251 307 1288 castra
348 1249 476 1302 paulo
519 1251 614 1289 ante
648 1264 670 1289 a
709 1249 795 1289 suis
838 1254 960 1303 capta
1001 1250 1204 1303 pervenit.
1267 1248 1446 1291 Invitari
1474 1265 1492 1294 -2

43 1325 76 1349 ρο
96 1306 244 1347 deinde
263 1308 432 1359 amicos,
445 1308 598 1362 quibus
611 1308 791 1349 maxime
809 1309 1069 1362 adsueverat,
1082 1308 1205 1349 iussit
1218 1334 1270 1338 —
1287 1310 1446 1364 quippe

96 1381 260 1407 summa
294 1367 513 1408 dumtaxat
554 1368 662 1408 cutis
701 1370 745 1408 in
776 1368 930 1409 femine
970 1369 1193 1422 perstricta
1232 1384 1318 1410 non
1350 1384 1446 1423 pro-

96 1425 270 1467 hibebat
282 1423 688 1469 interesseconvivio
702 1453 770 1480 —‚
780 1442 873 1468 cum
884 1431 1056 1482 repente
1069 1443 1090 1468 e
1102 1429 1298 1481 proximo
1312 1430 1447 1469 taber·
1473 1446 1491 1473 3

96 1485 246 1527 naculo
296 1486 491 1541 lugubris
537 1488 694 1527 elamor
746 1487 924 1528 barbaro
977 1488 1141 1529 ululatu
1186 1488 1445 1542 planctuque

98 1546 331 1598 permixtus
365 1547 582 1599 epulantes
616 1547 859 1587 conterruit.
925 1546 1086 1588 Cohors
1120 1562 1301 1601 quoque,
1336 1563 1444 1601 quae

43 1622 74 1647 25
96 1605 330 1645 excubabat
369 1605 421 1645 ad
458 1606 778 1647 tabernaculum
818 1607 949 1661 regis,
990 1607 1140 1660 verita,
1181 1622 1232 1647 ne
1272 1608 1444 1649 maioris

96 1666 236 1704 motus
279 1665 535 1718 principium
578 1668 704 1717 esset,
746 1681 906 1707 armare
949 1680 992 1706 se
1037 1670 1244 1720 coeperat.
1310 1666 1444 1708 Causa
1472 1683 1488 1712 4

95 1723 225 1763 subiti
271 1724 437 1777 pavoris
476 1725 575 1778 fuit,
617 1725 729 1778 quod
774 1729 908 1766 mater
946 1741 1139 1779 uxorque
1182 1726 1307 1767 Darei
1348 1741 1442 1767 cum

96 1784 274 1837 captivis
301 1783 516 1824 nobilibus
543 1798 698 1840 regern,
732 1799 857 1838 quem
884 1785 1154 1827 interfectum
1183 1800 1272 1826 esse
1306 1787 1444 1827 crede—

192 1953 208 1982 1
237 1949 429 1993 quantam]
458 1950 634 1991 quantem
660 1953 698 1983 V.
799 1954 818 1983 ὁ
846 1950 1084 1994 abscissaque
1111 1951 1252 1985 Lazcer:
1281 1951 1442 1985 abscisa-

95 2006 164 2038 que
191 1999 230 2029 A.
341 1999 359 2029 6
388 1997 545 2041 decoris]
574 1997 722 2031 decores
748 2001 773 2030 P
801 2010 843 2032 m.
860 2010 917 2042 pr.
1036 1998 1128 2032 veris
1159 1998 1315 2033 Gimzta:
1343 2001 1445 2033 uete-

94 2043 144 2076 ris
164 2046 203 2076 A.
280 2049 299 2076 ὅ
326 2044 424 2089 utro]
444 2045 601 2087 utroque
621 2048 647 2077 F
672 2056 761 2080 corr.
783 2049 855 2088 LV,
883 2048 986 2080 utro*
1008 2050 1044 2079 P.
1119 2047 1247 2091 cornu]
1268 2057 1386 2080 nornu
1406 2051 1443 2087 F,

95 2101 186 2123 ornu
199 2095 224 2123 P
241 2103 351 2135 nz.pr.
403 2103 495 2135 quae
510 2091 660 2126 fortuna
675 2093 899 2127 discriminis
914 2105 978 2127 om.
994 2097 1020 2126 P
1033 2105 1146 2138 mpr.
1201 2098 1242 2128 12
1259 2106 1277 2127 c
1292 2095 1395 2128 milla
1409 2098 1442 2127 1:

97 2151 115 2171 c
136 2141 174 2171 A.
252 2143 293 2172 13
315 2139 377 2184 ad]
400 2142 439 2173 at
459 2142 517 2172 FP
538 2152 582 2173 m.
598 2146 681 2183 pn?
755 2142 932 2184 quattuor
957 2142 1059 2176 milia
1081 2141 1277 2185 quingenti
1297 2143 1442 2186 scripsi:

95 2188 270 2228 quattuor
296 2187 491 2231 quingenti
517 2190 627 2229 BFP,
655 2191 832 2231 quattuor
858 2191 894 2222 et
920 2190 1114 2234 quingenti
1139 2192 1164 2221 B
1191 2201 1280 2224 corr.
1302 2193 1328 2222 F
1353 2201 1442 2224 corr.

94 2236 164 2267 LV.
282 2238 323 2267 14
351 2247 413 2268 ccc
439 2236 584 2279 scripsi:
619 2248 689 2268 xxx
709 2239 748 2270 A.
874 2240 915 2270 17
943 2236 1086 2270 avidius
1115 2237 1259 2282 Stasnyl:
1289 2238 1352 2280 qui
1379 2237 1443 2270 diu

94 2284 132 2313 A.
232 2282 429 2327 fatigatus]
456 2282 604 2327 sagatus
630 2287 655 2316 P
681 2295 724 2318 m.
741 2296 812 2328 pr„
840 2284 1018 2328 fatigatos
1039 2288 1066 2317 V
1096 2297 1137 2318 m.
1157 2296 1213 2329 pr.
1312 2288 1354 2318 25
1383 2295 1442 2317 ex-

95 2327 269 2374 cubabat]
297 2329 503 2364 excubebat
530 2333 554 2363 B
583 2343 624 2365 m.
640 2342 699 2376 pr.
798 2332 910 2377 regis]
938 2332 1015 2376 regi
1043 2335 1067 2364 P
1095 2344 1136 2366 m.
1155 2345 1210 2376 pr.
