1610 2522
34 740 66 765 10

33 1037 64 1062 15

32 1930 65 1953 30

336 76 670 111 HISToRIARUM
698 77 977 111 Amcxsxnnui
1004 77 1079 118 1111,
1108 81 1138 111 2.
1162 80 1191 111 33.
1380 78 1436 118 49

89 201 194 240 opus
227 187 448 228 circumire
481 190 722 241 coeperunt,
763 186 998 228 missilibus
1032 202 1201 241 quoque
1241 202 1324 239 eos,
1365 187 1435 241 qui

87 261 164 301 pro
217 260 342 301 opere
394 246 582 294 stabant,
633 246 850 287 incessere.
926 246 1074 288 Multis
1125 261 1225 301 ergo
1278 246 1436 300 inpune
1464 258 1506 287 ‘22

88 306 338 359 vulneratis,
378 320 472 347 cum
513 309 554 346 et
592 320 806 347 removere
846 310 887 347 et
925 305 1136 359 adpellere
1176 306 1353 360 scaphas
1394 307 1436 346 in

88 365 284 419 expedito
318 369 438 418 esset,
471 366 522 406 ad
556 380 699 406 curam
732 369 864 406 semet
896 366 1012 420 ipsos
1045 365 1192 406 tuendi
1225 366 1276 406 ab
1312 380 1437 420 opere

88 427 394 466 converterant.
458 424 525 477 Et,
553 440 636 479 quo
664 425 834 480 longius
863 424 995 466 moles
1017 425 1224 480 agebatur
1251 442 1274 465 a
1300 425 1438 477 litore,

87 484 167 525 hoc
193 485 341 539 magis,
369 484 576 538 quidquid
604 485 888 540 ingerebatur,
918 484 1153 538 praealtum
1182 484 1437 526 absorbebat

86 558 210 585 mare.
291 543 429 599 Igitur
474 559 545 585 rex
590 544 881 585 munientibus
932 545 1046 585 coria
1092 543 1268 598 velaque
1313 545 1437 585 iussit
1464 555 1507 585 ‘23

87 603 274 656 obtendi,
317 606 365 644 ut
410 606 528 644 extra
566 603 640 644 teli
680 604 837 644 iactum
878 607 1029 657 essent,
1069 604 1258 657 duasque
1300 607 1436 645 turres

86 677 135 703 ex
169 664 307 717 capite
340 663 466 704 molis
499 664 643 715 erexit,
677 678 698 703 e
731 663 884 717 quibus
918 663 961 703 in
995 663 1224 704 subeuntes
1259 663 1436 717 scaphas

85 722 169 763 tela
209 723 345 778 ingeri
388 726 573 777 possent.
652 721 809 763 Contra
851 722 967 777 Tyrii
1010 723 1181 778 navigia
1221 723 1372 777 procul
1413 738 1437 764 a
1464 734 1507 763 24

87 786 315 836 conspectu
347 781 537 823 hostium
570 782 687 823 litori
721 782 941 836 adpellunt
968 782 1258 836 expositisque
1291 783 1436 824 militi-

86 841 164 882 bus
204 856 288 896 eos,
330 842 403 895 qui
444 856 544 883 saxa
582 842 818 896 gestabant,
858 842 1125 883 obtruncant.
1189 841 1238 882 In
1271 842 1436 884 Libano

86 916 254 955 quoque
275 900 467 942 Arabum
494 904 682 956 agrestes
704 901 998 955 inconpositos
1019 901 1271 942 Macedonas
1300 902 1437 943 adorti

85 972 181 1002 XXX
236 961 322 1002 fere
372 961 637 1002 interficiunt
686 961 959 1016 paucioribus
1017 962 1163 1015 captis
1250 961 1314 1002 Ea
1369 975 1435 1002 res
1448 966 1500 1001 ΙΙΙ.

84 1019 374 1062 Alexandrum
410 1020 596 1061 dividere
629 1020 772 1074 copias
807 1023 946 1075 coegit
979 1024 1031 1073 et,
1064 1035 1115 1061 ne
1149 1020 1336 1076 segniter
1369 1021 1437 1062 ad-

86 1080 222 1121 sidere
254 1080 328 1121 uni
361 1080 456 1121 urbi
482 1080 709 1132 videretur,
742 1081 860 1135 operi
887 1079 1119 1121 Perdiccan
1147 1079 1435 1135 Crateronque

85 1139 301 1193 praefecit,
335 1140 425 1193 ipse
458 1154 552 1181 cum
586 1140 783 1194 expedita
817 1154 943 1180 manu
976 1139 1181 1181 Arabiam
1214 1140 1350 1194 petiit.

173 1197 290 1239 Inter
328 1198 431 1240 haec
464 1199 581 1253 Tyrii
619 1214 770 1240 navem
803 1199 1098 1255 magnitudine
1137 1200 1292 1240 eximia
1325 1200 1435 1240 saxis
1464 1212 1482 1241 ‘2

84 1257 325 1312 harenaque
346 1273 369 1298 a
396 1261 528 1313 puppi
556 1262 785 1313 oneratam,
812 1259 873 1299 ita
900 1261 946 1299 ut
973 1259 1156 1300 multum
1183 1273 1309 1312 prora
1337 1260 1436 1300 emi-

32 1335 46 1359 1
84 1320 215 1371 neret,
255 1318 462 1359 bitumine
501 1333 547 1359 ac
587 1318 790 1385 sulphure
829 1317 995 1359 inlitam
1036 1318 1162 1359 remis
1202 1319 1438 1359 concitave-

84 1381 195 1431 runt,
238 1380 291 1430 et,
333 1392 428 1419 cum
470 1391 667 1432 magnam
709 1380 795 1418 vim
836 1378 952 1419 venti
994 1378 1087 1419 vela
1129 1392 1298 1432 quoque
1341 1392 1436 1419 con-

85 1412 313 1491 cepissent,
354 1413 566 1479 celentere'
590 1437 641 1478 ad
683 1438 838 1478 molem
882 1438 1093 1478 successit.
1158 1437 1265 1478 Tum
1309 1453 1435 1492 pr·01a
1464 1450 1483 1479 3

85 1496 174 1537 eius
216 1511 391 1538 accensa
432 1499 613 1551 remiges
657 1497 865 1538 desiluere
906 1497 951 1537 in
992 1497 1188 1563 scaphas,
1234 1512 1341 1550 quae
1383 1497 1435 1538 ad

85 1556 166 1597 hoc
199 1556 338 1609 ipsum
372 1559 646 1610 praeparatae
679 1556 976 1610 sequebantur,
1008 1557 1128 1598 navis
1162 1559 1303 1598 autem
1336 1558 1435 1611 igne

32 1633 46 1656 2
86 1618 289 1668 concepto
322 1615 451 1656 latius
485 1615 659 1657 fundere
686 1615 927 1656 incendium
956 1616 1107 1670 coepit,
1142 1616 1267 1670 quod,
1300 1618 1435 1671 prius-

85 1689 212 1729 quam
245 1678 390 1728 posset
424 1675 601 1727 occurri,
643 1679 780 1716 turres
814 1678 856 1716 et
889 1678 1027 1716 cetera
1061 1690 1188 1730 opera
1220 1676 1265 1716 in
1297 1677 1434 1730 capite

84 1735 210 1774 molis
238 1735 378 1788 posita
398 1734 714 1788 conprehendit.
779 1734 837 1775 At
863 1735 935 1788 qui
958 1735 1215 1776 desiluerant
1241 1735 1283 1775 111
1305 1751 1435 1789 parva
1462 1748 1482 1776 4

84 1794 266 1848 navigia,
298 1794 410 1835 faces
438 1796 491 1845 et,
526 1794 736 1847 quidquid
768 1793 918 1835 alendo
953 1794 1043 1849 igni
1077 1798 1223 1848 aptum
1258 1798 1359 1847 erat,
1392 1795 1434 1835 111

85 1853 229 1894 eadem
260 1868 386 1907 opera
413 1854 624 1907 ingerunt.
687 1852 862 1908 Iamque
894 1868 981 1894 non
1015 1855 1121 1894 imae
1147 1854 1274 1895 inodo
1301 1854 1436 1894 Mace-

87 1912 243 1952 donum
276 1915 425 1966 turres,
464 1913 536 1953 sed
569 1913 695 1953 etiam
729 1928 893 1954 summa
930 1913 1122 1954 tabulata
1155 1916 1435 1967 conceperant

181 2010 197 2039 1
225 2005 445 2051 missilibus]
466 2005 650 2039 misilibus
672 2010 704 2040 C
804 2017 949 2049 quoque
972 2016 1032 2039 eos
1053 2010 1086 2039 1:
1109 2017 1169 2040 eos
1191 2017 1338 2050 quoque
1359 2010 1432 2040 AD.

85 2056 104 2086 6
132 2052 370 2099 absorbebat]
398 2053 623 2087 absordebat
648 2057 687 2086 V.
788 2057 805 2086 7
833 2054 950 2099 mare]
977 2064 1077 2087 more
1103 2057 1129 2086 P
1155 2066 1199 2088 m.
1216 2066 1273 2098 pr.
1372 2065 1434 2087 rex

87 2099 307 2135 Gronovius:
345 2112 388 2134 ex
415 2104 489 2134 AD.
613 2104 632 2133 S
659 2100 741 2146 teli]
776 2101 845 2135 teri
871 2105 909 2136 V
1033 2101 1187 2146 iactum]
1226 2101 1381 2135 iamtum
1409 2105 1434 2134 B

87 2159 128 2181 m.
144 2159 202 2191 pr.
224 2151 248 2180 L
268 2160 313 2183 ¹111.
330 2161 385 2192 pr,
464 2153 482 2181 9
509 2148 631 2193 molis]
653 2149 788 2182 montis
809 2153 845 2181 D.
924 2152 965 2182 13
994 2148 1114 2182 adorti
1135 2152 1167 2181 1:
1191 2149 1338 2183 adhorti
1359 2152 1433 2182 AD.

88 2199 128 2228 16
151 2194 415 2241 Crateronque]
432 2199 655 2239 cateronque
670 2199 706 2229 Β
784 2200 825 2229 19
847 2207 868 2229 a
882 2196 1014 2241 puppi]
1031 2196 1171 2240 appupi
1187 2200 1225 2229 V.
1296 2200 1339 2230 20
1361 2196 1435 2229 sul-

84 2243 217 2287 phure]
245 2244 429 2287 suphurae
450 2247 488 2276 V.
589 2247 629 2276 27
657 2243 924 2287 conprehendit
950 2247 991 2276 L:
1020 2244 1259 2287 conpreendit
1286 2248 1322 2285 P,
1351 2255 1434 2277 con-

85 2290 232 2333 prendit
259 2294 365 2324 BFV.
477 2291 540 2336 At]
569 2291 616 2324 ad
642 2295 713 2324 PV.
819 2294 862 2324 *29
892 2291 1000 2325 imae
1025 2291 1109 2325 add.
1128 2291 1355 2336 „uada-zyma:

85 2337 209 2383 modo]
230 2350 295 2372 om.
317 2342 342 2370 L
364 2350 405 2371 m.
421 2350 479 2381 pr.
500 2342 526 2371 1²
544 2351 589 2372 m.
611 2350 669 2382 pr.
691 2342 716 2371 V
742 2350 782 2371 m.
804 2350 858 2381 [rr.

157 2405 292 2428 [Trerus
315 2404 419 2428 Rufus
441 2404 484 2428 ed.
507 2404 685 2428 Hedicke.
727 2404 780 2428 Ed.
803 2404 905 2428 maior.
1201 2402 1220 2430 4
