1610 2522
18 754 51 778 10

21 1348 54 1372 20

332 87 667 124 HISTORIARUM
697 87 977 123 ALEXANDRI
1006 86 1098 130 vlu,
1127 90 1157 121 9.
1339 86 1424 127 285

68 202 164 243 illos
208 200 400 241 locorum
447 212 615 253 quoque
661 198 768 239 situs
812 198 979 238 format.
1056 195 1247 250 Corpora
1292 209 1425 248 usque

68 259 194 314 pedes
228 259 401 300 carbaso
434 258 595 311 velant,
640 257 766 299 soleis
798 257 942 311 pedes,
987 257 1127 310 capita
1159 255 1301 296 linteis
1335 255 1425 295 vin-

69 320 203 373 ciunt,
247 319 382 372 lapilli
422 333 473 358 ex
513 317 685 358 auribus
727 317 929 371 pendent:
978 315 1149 357 brachia
1183 329 1351 369 quoque
1385 317 1426 355 et

67 381 248 420 lacertos
291 392 392 418 auro
436 378 600 425 colunt,
647 377 802 431 quibus
845 376 955 417 inter
988 374 1214 429 populares
1249 376 1321 415 aut
1353 388 1425 414 no-

68 438 212 479 bilitas
257 440 329 478 aut
376 451 476 491 opes
522 437 720 478 eminent.
785 435 995 490 Capillum
1041 436 1218 489 pectunt
1258 434 1424 487 saepius

69 513 196 552 quam
224 497 418 539 tondent:
452 500 643 537 mentum
672 510 836 550 semper
862 496 1081 536 intonsum
1109 496 1184 548 est,
1218 493 1426 546 reliquam

70 558 155 598 oris
202 560 341 598 cutem
386 556 438 596 ad
483 555 665 610 speciem
711 555 898 596 levitatis
942 556 1189 607 exaequant.
1260 553 1426 607 Regum

70 621 211 658 tamen
256 616 444 667 luxuria,
491 630 618 669 quam
664 615 745 668 ipsi
790 613 1151 670 magnificentiam
1198 614 1427 667 appellant,

70 691 196 731 super
216 676 406 717 omnium
429 676 620 730 gentium
644 675 757 716 vitia.
814 673 918 715 Cum
942 688 1015 714 rex
1037 676 1170 714 semet
1192 673 1234 712 in
1254 671 1426 726 publico

71 736 259 789 conspici
295 736 474 789 patitur,
519 734 708 775 turibula
741 738 940 787 argentea
973 733 1158 773 ministri
1191 732 1334 772 ferunt
1367 734 1428 771 to-

70 798 246 849 tumque
281 796 377 848 iter,
421 808 496 848 per
528 793 642 848 quod
674 793 775 834 ferri
809 793 1055 845 destinavit,
1096 792 1298 833 odoribus
1333 806 1428 831 con—

70 855 199 909 plent.
262 854 405 895 Aurea
435 853 585 894 lectica
617 853 858 907 margaritis
892 851 1338 905 circumpendentibus
1370 866 1428 891 re-

71 914 214 955 cubat:
261 906 462 954 distiiicta
508 915 606 953 sunt
645 927 747 953 auro
791 915 832 952 et
863 927 1052 966 purpura
1085 911 1277 965 carbasa,
1322 925 1429 963 quae

72 974 245 1014 indutus
297 976 377 1014 est:
431 973 626 1013 lecticam
671 975 909 1026 sequuntur
954 971 1105 1012 armati
1151 971 1429 1024 corporisque

38 1051 51 1074 ν’,
73 1033 287 1086 custodes,
333 1034 443 1073 inter
482 1047 588 1086 quos
621 1032 751 1072 ramis
785 1046 881 1072 aves
914 1031 1117 1085 pendent,
1164 1045 1268 1084 quas
1303 1032 1430 1071 cantu
1457 1045 1465 1053 ·

74 1093 194 1133 seriis
233 1092 359 1133 rebus
399 1092 643 1145 obstrepere
684 1091 928 1132 docuerunt.
994 1090 1128 1144 Regia
1161 1092 1329 1130 auratas
1363 1103 1430 1129 co·
1458 1100 1476 1118 ⁵>

72 1152 239 1193 lumnas
278 1151 422 1192 habet:
469 1154 582 1192 totas
620 1165 688 1192 eas
728 1150 828 1192 vitis
868 1165 970 1190 auro
1015 1149 1176 1190 caelata
1207 1148 1431 1203 percurrit,

73 1213 318 1265 aviumque,
364 1226 542 1265 quarum
588 1210 682 1251 visu
728 1210 911 1251 maxime
957 1209 1161 1265 gaudent,
1206 1211 1431 1264 argenteae

74 1271 239 1326 effigies
259 1285 386 1325 opera
407 1270 686 1324 distinguant.
738 1269 873 1324 Regia
894 1269 1150 1310 adeuntibus
1180 1271 1308 1322 patet,
1336 1282 1431 1308 cum
1458 1277 1468 1291 ·’

73 1331 276 1385 capillum
316 1330 448 1384 pectit
487 1333 614 1382 atque
655 1332 794 1369 ornat:
837 1332 939 1369 tunc
972 1343 1175 1382 responsa
1208 1326 1431 1383 legationi-

75 1390 171 1443 bus,
216 1393 317 1430 tunc
361 1390 454 1430 iura
498 1388 778 1443 popularibus
824 1388 973 1429 reddit.
1055 1388 1252 1441 Demptis
1305 1386 1432 1427 soleis

76 1450 278 1490 odoribus
305 1448 546 1490 inlinuntur
572 1448 711 1502 pedes.
762 1447 954 1488 Venatus
985 1447 1194 1488 maximus
1222 1447 1342 1487 labor
1369 1448 1432 1486 est

75 1510 239 1550 inclusa
273 1508 435 1549 vivario
473 1507 672 1548 animalia
705 1508 816 1548 inter
848 1510 949 1548 vota
980 1510 1215 1560 cantusque
1247 1506 1433 1559 pelicum

76 1570 215 1623 figere.
268 1567 425 1608 Binum
458 1567 701 1608 cubitorum
734 1567 916 1622 sagittae
947 1569 1058 1616 sunt,
1091 1580 1196 1620 quas
1230 1566 1434 1606 emittunt

23 1645 37 1668 ε»
76 1628 235 1669 maiore
266 1627 364 1668 nisu
397 1642 524 1680 quani
558 1626 727 1667 effectu:
761 1627 918 1680 quippe
952 1627 1101 1679 telum,
1147 1626 1266 1666 cuius
1300 1625 1340 1665 in
1376 1624 1434 1664 le-

76 1689 207 1728 vitate
247 1687 309 1727 vis
344 1686 480 1727 omnis
514 1689 594 1739 est,
627 1685 806 1726 inhabili
840 1685 1026 1740 pondere
1061 1688 1271 1726 oneratur.
1336 1684 1433 1724 Bre—

172 1784 191 1813 2
219 1779 387 1824 carbaso]
416 1789 543 1813 caraso
564 1783 590 1812 B
611 1791 654 1813 m.
674 1791 730 1822 pr.
837 1782 855 1811 3
883 1778 1054 1823 brachia]
1081 1778 1221 1811 bracha
1248 1781 1273 1810 P
1300 1789 1343 1811 m.
1366 1789 1433 1821 pr..

77 1827 257 1861 branchia
270 1831 309 1860 V.
386 1831 404 1860 5
421 1829 485 1860 aut
500 1827 604 1872 opes]
619 1827 718 1860 haud
735 1837 823 1870 opes
838 1830 873 1859 P.
950 1830 969 1859 S
985 1826 1148 1870 luxuria]
1163 1825 1308 1859 luxoria
1321 1829 1360 1858 R.

78 1874 287 1920 appellant]
315 1874 481 1918 apellant
507 1878 546 1907 R.
671 1878 689 1908 9
718 1874 823 1919 vitia]
860 1873 954 1907 uitia
981 1877 1018 1915 P,
1044 1873 1144 1907 nicia
1170 1876 1209 1906 R.
1316 1874 1432 1906 semet

78 1924 246 1957 Phasias:
275 1933 360 1956 sene
380 1926 459 1965 PR,
487 1933 574 1956 sane
596 1926 627 1955 C.
718 1926 757 1955 11
787 1921 902 1966 quod]
930 1924 1021 1964 quot
1040 1925 1113 1955 PR.
1221 1925 1261 1954 12
1289 1931 1433 1964 marga-

79 1970 176 2015 ritis]
203 1969 373 2014 margitis
399 1973 439 2004 R.
535 1974 575 2003 13
605 1969 783 2003 distincta
808 1973 841 2003 1:
876 1969 1062 2002 destinet-a
1088 1972 1163 2001 AR,
1264 1978 1353 2001 auro
1381 1967 1434 2012 et]

80 2029 209 2051 aurum
236 2021 274 2050 R.
398 2017 579 2062 purpura]
612 2028 799 2061 purpurea
832 2020 860 2049 R
887 2029 931 2050 m.
956 2029 1012 2060 pr.
1139 2019 1181 2049 14
1214 2016 1434 2059 sequuntur]

80 2067 255 2098 secuntur
280 2069 323 2106 F,
357 2067 536 2108 sequntur
561 2068 600 2097 R.
726 2068 768 2098 15
797 2066 907 2097 cantu
940 2064 1061 2108 seriis}
1096 2065 1226 2097 cantus
1258 2063 1368 2096 aeriis
1395 2066 1435 2096 R.

83 2116 124 2145 18
139 2112 235 2157 visu]
251 2112 372 2145 uisum
388 2115 425 2146 B.
502 2115 543 2145 19
561 2111 799 2155 distinguunt
813 2115 844 2144 1:
864 2111 1075 2156 distingunt
1089 2114 1166 2144 AR.
1243 2115 1286 2144 20
1301 2110 1436 2154 pectit}

80 2159 212 2202 plectit
225 2163 265 2192 R.
341 2162 465 2193 ornat:
487 2160 591 2204 tunc]
613 2161 783 2193 ornatam
798 2163 819 2191 C
841 2159 989 2204 [ornata
1003 2159 1059 2203 vj.
1136 2157 1388 2200 legationibus
1402 2161 1435 2190 1:

80 2206 277 2250 legationis
298 2210 336 2240 A.
425 2211 466 2240 21
494 2206 755 2252 popularibus]
782 2206 980 2250 popularib
1002 2210 1037 2239 L.
1126 2209 1168 2238 23
1196 2205 1356 2250 inclusa]
1383 2205 1437 2238 in-

81 2254 184 2288 clusu
205 2257 240 2287 P.
315 2254 492 2299 pelicum]
520 2254 682 2287 belicum
708 2257 746 2288 R.
831 2258 874 2287 2²4
902 2254 1128 2297 cubitorum]
1157 2252 1374 2297 gubitorum
1399 2256 1436 2293 P,

81 2301 303 2335 cubutorum
332 2305 371 2334 R.
495 2305 539 2334 ⁶25
577 2301 727 2346 effectu]
764 2301 900 2334 affectu
933 2305 1008 2342 FP,
1047 2301 1219 2334 effectum
1248 2304 1278 2332 R
1309 2312 1351 2333 m.
1377 2311 1435 2343 pr.

83 2352 125 2382 26
153 2349 343 2394 oneratur]
370 2348 571 2382 honoratur
595 2352 636 2391 V,
664 2350 836 2382 oneratus
863 2352 902 2382 R.

1451 205 1494 235 21

1453 444 1495 473 22

1453 562 1498 592 23

1456 859 1499 890 24

1460 1455 1503 1485 28

1461 1693 1504 1723 29
