1610 2522
313 79 649 115 HISTORIAHUM
677 79 958 113 ALEXANDM
986 78 1045 122 Vi,
1076 85 1127 113 10.
1154 85 1207 114 11.
1359 78 1437 118 191

84 191 149 231 sit.
214 189 369 230 Parum
404 192 467 230 est
500 189 609 230 enim
645 191 710 229 tot
742 188 868 229 modo
902 187 1083 229 liberum
1118 191 1354 242 parentem,
1398 187 1441 226 111
1470 200 1510 230 31

85 251 209 290 unico
242 248 330 290 filio
365 249 719 302 adquiescentem,
753 262 801 288 eo
836 261 1005 301 quoque
1039 247 1192 300 orbari,
1236 247 1318 287 nisi
1355 248 1441 299 ipse

87 311 128 350 in
159 323 310 364 rogum
346 322 486 348 meum
519 307 750 361 inponitur.
814 307 944 361 Ergo,
989 306 1203 348 carissime
1236 308 1368 360 pater,
1401 309 1442 346 et
1468 320 1512 349 32

85 371 260 422 propter
291 382 359 408 me
392 368 586 408 morieris
620 370 661 407 et
693 380 876 407 mecum:
909 380 988 421 ego
1021 366 1100 407 tibi
1131 366 1260 406 vitam
1289 366 1440 410 adimo,

49 447 64 471 5
86 442 163 483 ego
210 429 469 468 senectutem
515 430 630 467 tuam
670 426 885 481 extinguo.
950 425 1059 474 Quid
1103 425 1213 466 euim
1249 440 1314 466 me
1347 439 1442 479 pro-

33 744 64 767 10

87 486 257 527 creabas
289 485 502 527 infelicem
530 486 853 527 adversantibus
881 485 990 526 diis?
1023 500 1088 537 an,
1121 487 1168 525 ut
1193 484 1272 526 hos
1300 499 1350 525 ex
1375 498 1440 525 me

84 547 249 587 fructus
280 546 531 599 perciperes,
565 545 636 599 qui
670 548 711 585 te
743 545 943 585 manent?
992 544 1161 598 Nescio,
1201 544 1442 585 adulescen—
1469 558 1513 589 33

85 606 143 646 tia
177 619 269 646 mea
302 605 498 646 miserior
531 605 585 645 sit
619 620 671 645 an
704 606 897 645 senectus
931 607 1020 645 tua:
1060 618 1139 659 ego
1176 603 1219 644 in
1252 604 1343 657 ipso
1377 617 1441 643 ro-

85 665 186 706 bore
238 665 389 705 aetatis
434 664 609 718 eripior,
659 663 738 704 tibi
783 664 972 705 carnifex
1023 663 1217 717 spiritum
1271 663 1440 714 adimet,

86 738 224 777 quem,
257 724 291 764 si
323 724 495 764 fortuna
529 726 751 776 expectare
783 724 1000 776 voluisset,
1042 726 1196 763 natura
1227 722 1439 776 poscebat.

86 783 322 824 Admonuit
372 797 439 823 me
489 783 621 836 patris
672 783 756 823 mei
806 782 986 836 mentio,
1038 797 1163 836 quam
1208 782 1355 822 timide
1400 784 1441 822 et
1468 798 1512 827 34

85 845 349 895 cunctanter,
395 857 502 896 quae
536 841 763 883 Cebalinus
800 841 1009 883 detulerat
1042 841 1093 882 ad
1125 855 1209 895 me,
1254 841 1439 881 indicare

85 901 314 942 debuerim.
376 901 601 942 Parmenio
640 901 771 954 enim,
816 915 911 942 cum
951 901 1138 941 audisset
1176 915 1383 942 venenum
1418 915 1441 940 a

85 960 287 1015 Philippo
338 962 499 1002 medico
553 961 643 1015 regi
694 960 852 1014 parari,
903 961 1113 1001 deterrere
1162 975 1257 1001 eum
1303 959 1441 1000 voluit

51 1041 64 1062 τ,
85 1020 266 1074 epistula
318 1020 493 1074 scripta,
548 1035 632 1074 quo
677 1020 818 1061 minus
862 1020 1221 1061 medicamentum
1265 1019 1442 1071 biberet,

86 1079 199 1133 quod
244 1079 432 1120 medicus
478 1080 576 1120 dare
621 1080 910 1121 constitueret.
972 1079 1088 1119 Num
1129 1079 1334 1121 creditum
1379 1082 1442 1118 est

85 1139 196 1192 patri
234 1139 358 1180 meo?
401 1154 503 1180 num
542 1141 670 1180 ullam
715 1139 1012 1180 auctoritatem
1047 1139 1137 1179 eius
1169 1139 1337 1179 litterae
1369 1137 1440 1178 113-

85 1198 297 1239 buerunt?
341 1198 435 1254 Ego
469 1199 558 1252 ipse
592 1199 801 1253 quotienS,
839 1213 945 1252 quae
978 1198 1205 1250 audieram,
1240 1198 1371 1238 detuli
1399 1203 1441 1237 et
1468 1212 1512 1242 35

87 1272 181 1298 cum
214 1257 398 1298 ludibrio
432 1258 694 1299 credulitatis
726 1259 920 1312 repulsus
954 1259 1065 1298 sum!
1100 1257 1144 1299 Si
1178 1260 1231 1311 et,
1258 1271 1352 1297 cum
1380 1256 1440 1296 in-

32 1336 47 1360 2
87 1316 286 1370 dicamus,
320 1316 445 1357 invisi
478 1320 532 1372 et,
565 1332 657 1358 cum
693 1320 895 1370 tacemus,
928 1319 1115 1371 suspecti
1149 1330 1306 1369 sumus,
1340 1315 1442 1369 quid

86 1378 223 1417 facere
261 1390 338 1416 nos
377 1377 589 1430 oportet‘P'
643 1377 834 1430 Cumque
875 1392 985 1417 unus
1018 1391 1039 1417 e
1073 1376 1441 1419 circumstantium
1469 1390 1512 1420 36

86 1435 212 1476 turba
250 1435 542 1477 exclamasset:
576 1436 707 1477 ‘Bene
745 1436 910 1477 meritis
947 1451 1031 1476 non
1067 1435 1292 1477 insidiaril'
1343 1434 1441 1475 Phi-

85 1494 213 1534 lotas:
248 1494 422 1546 ‘Recte',
454 1495 607 1549 inquit,
635 1495 844 1549 ‘quisquis
878 1510 932 1548 es,
965 1495 1078 1536 dicis.
1134 1495 1285 1548 Itaque
1318 1495 1353 1535 si
1380 1495 1441 1534 in-
1469 1509 1511 1539 37

87 1554 264 1594 sidiatus
298 1569 403 1605 sum,
441 1568 622 1608 poenam
654 1569 739 1596 non
773 1555 974 1608 deprecor
1006 1558 1047 1595 et
1078 1555 1206 1596 finem
1239 1555 1348 1595 facio
1383 1554 1441 1594 di—

34 1632 66 1656 ss
89 1613 222 1656 nendi.
256 1614 457 1666 quoniam
490 1613 640 1655 ultima
671 1614 797 1655 verba
825 1615 971 1669 gravia
998 1618 1097 1655 sunt
1122 1614 1213 1655 visa
1238 1613 1438 1654 auribus.’

16 1736 62 1770 41

90 1672 328 1713 Abducitur
361 1672 509 1713 deinde
543 1673 594 1713 ab
627 1674 691 1727 iis,
725 1673 796 1727 qui
830 1674 1126 1715 custodiebant
1160 1688 1266 1714 eum.

178 1731 281 1772 Erat
322 1732 431 1772 inter
476 1732 601 1773 duces
652 1748 781 1773 manu
826 1736 1022 1773 strenuus
1068 1733 1207 1774 Bolon
1253 1732 1512 1785 quidam,XI

86 1790 204 1843 pacis
249 1791 400 1832 artium
445 1795 486 1832 et
524 1791 663 1832 civilis
695 1791 867 1833 habitus
900 1793 1034 1836 rudis.
1067 1795 1187 1833 vetus
1222 1792 1354 1842 miles,
1387 1790 1438 1831 ab

183 1900 202 1927 3
229 1895 342 1941 Ergo]
370 1907 438 1941 ego
459 1900 484 1929 P
504 1908 548 1930 m.
565 1908 622 1940 pr.
724 1901 743 1930 5
771 1897 964 1942 extinguo]
992 1897 1142 1941 extingo
1166 1900 1236 1929 BP.
1335 1901 1355 1930 6
1381 1896 1438 1941 ut]

87 1954 151 1976 om.
173 1946 198 1975 P
219 1954 262 1976 m.
280 1955 336 1986 pr.
429 1947 449 1977 8
475 1944 644 1978 miserior
663 1948 696 1978 1:
723 1944 901 1978 misereor
926 1947 965 1978 A.
1065 1945 1114 1978 sit
1140 1944 1203 1990 an]
1231 1944 1341 1978 sitam
1367 1947 1438 1976 FL.

90 1992 130 2023 10
151 1990 301 2035 natura]
322 1992 477 2025 naturae
498 1994 523 2024 B
546 2003 587 2026 m.
608 2003 672 2026 sec.
693 1995 728 2024 P.
801 1995 842 2025 13
863 1991 1074 2037 Parmenio]
1094 1991 1310 2035 parmoenio
1330 1995 1365 2024 P.

88 2037 124 2082 a]
151 2038 198 2071 ad
223 2041 262 2070 V.
363 2042 406 2071 14
431 2038 621 2084 Philippo]
647 2039 830 2083 phylippo
856 2043 952 2072 BFL
975 2052 1017 2073 m.
1034 2051 1091 2083 pr.
1192 2043 1235 2073 15
1262 2038 1439 2084 epistula]

88 2084 264 2128 epistolas
289 2088 315 2117 P
338 2098 379 2119 m.
395 2098 454 2129 pr.
531 2090 573 2119 16
599 2085 712 2132 Num]
740 2098 838 2120 nunc
863 2090 898 2119 P.
982 2089 1023 2120 18
1051 2089 1089 2121 et
1115 2098 1198 2120 cum
1224 2090 1266 2119 P:
1295 2098 1376 2120 cum
1405 2090 1438 2119 c.

90 2136 131 2164 19
153 2132 385 2166 credulitatis
400 2137 432 2166 1:
455 2133 688 2167 crudelitatis
702 2137 741 2167 A.
818 2138 858 2167 21
882 2134 1220 2179 circumstantium]
1236 2134 1439 2167 circustan—

87 2178 181 2212 tium
202 2184 235 2212 P.
321 2184 364 2214 252
384 2180 566 2226 Philotas]
593 2181 767 2224 phylotas
796 2185 827 2214 C.
904 2184 946 2214 23
973 2181 1111 2226 inquit]
1138 2181 1270 2224 inquid
1296 2184 1366 2214 FL.

89 2226 198 2271 dicis]
226 2227 328 2261 ducis
354 2231 388 2262 P.
513 2232 554 2262 213
582 2228 805 2274 Abducitur]
833 2229 1033 2263 adducitur
1059 2233 1091 2262 G.
1229 2228 1292 2274 iis]
1319 2228 1376 2262 his
1404 2232 1437 2261 c.

90 2288 131 2318 27
154 2286 281 2330 manu]
296 2278 383 2319 maii
397 2291 432 2320 P.
484 2287 652 2332 quidam]
673 2287 824 2330 quidem
838 2291 877 2321 V.
936 2291 979 2321 ‘28
1000 2288 1153 2333 artium]
1175 2287 1315 2321 arcium
1329 2291 1365 2320 P.

89 2331 151 2377 ab]
180 2333 225 2365 ad
253 2336 277 2365 B
318 2345 434 2377 impr.
456 2338 495 2367 V.
