1610 2522
69 470 110 498 1ss

64 1065 106 1092 18

64 1362 103 1389 19

59 1658 102 1686 52⁴1

141 111 196 152 „g
648 114 687 153 Q.
716 111 856 146 1171111
888 112 995 145 iuml

93 231 111 258 Γ»
139 221 292 261 animis
345 220 386 261 in
433 221 619 262 medium
671 235 822 276 agmen
868 221 1094 275 accipiunt.
1173 220 1297 263 Vallo
1344 223 1495 264 similis

139 280 249 321 acies
278 283 385 320 crat:
414 281 639 321 iunxerant
665 280 808 321 hastas
835 284 875 320 et
904 280 955 320 ab
978 283 1159 334 utroque
1186 280 1316 323 latere
1338 284 1496 323 temere

139 340 445 380 incurrentium
498 340 569 380 ilia
611 339 905 380 suffodiebant.
980 338 1212 381 Circumire
1258 341 1408 382 deinde
1453 344 1496 383 et

139 412 284 439 currus
307 403 349 439 et
368 402 709 453 propugnatores
732 399 1012 452 praecipitare
1034 404 1274 453 coeperunt.
1339 399 1493 456 Ingens

138 459 260 498 ruina
306 472 510 511 equorum
560 459 887 513 aurigarumque
935 459 1066 499 aciem
1114 461 1403 513 conpleverat:
1448 459 1491 501 hi
1532 477 1548 502 5

137 518 306 558 territos
340 531 484 583 regere
518 532 603 558 non
630 521 838 571 poter,ant
871 518 943 571 qui
977 518 1122 559 crebra
1149 519 1376 560 iactatione
1409 534 1493 561 cer-

137 577 277 618 vicum
311 591 397 617 non
425 578 571 630 iugum
607 577 733 617 modo
761 582 1046 622 excusserant
1081 578 1152 618 sed
1185 579 1311 619 etiam
1345 593 1493 620 currus

137 638 393 679 everterant.
432 636 641 677 vulnerati
684 637 929 678 interfectos
970 637 1206 680 trahebant
1248 652 1326 680 nec
1359 639 1493 680 consi-

137 699 247 736 stere
293 686 431 736 territi
474 710 550 737 nec
595 696 796 751 prooredi
843 695 1002 737 debiles
1045 699 1253 750 poterant.
1329 697 1493 740 Paucae

136 758 278 796 tamen
311 769 479 796 evasere
514 755 743 811 quadrigae
777 756 818 796 in
852 756 1045 797 ultimam
1081 756 1211 797 aciem
1240 757 1304 810 iis,
1337 757 1492 810 quibus
1514 773 1549 798 10

136 814 388 867 inciderunt,
421 815 651 856 miserabili
679 818 814 856 morte
841 816 1122 870 consumptis:
1157 816 1314 870 quippe
1348 832 1493 871 ampu-

135 877 224 914 tata
256 875 444 915 virorum
478 874 668 915 membra
702 874 819 914 humi
856 875 1068 928 iacebant,
1108 879 1166 928 et,
1206 876 1305 929 quia
1345 875 1491 918 calidis

134 933 272 974 adhuc
294 934 540 974 vulneribus
569 934 713 975 aberat
741 934 873 981 dolor,
900 934 1039 977 trunci
1067 949 1236 988 quoque
1263 937 1306 976 et
1333 935 1492 977 debiles

135 993 306 1047 quidam
351 1008 467 1034 arma
508 1008 593 1035 non
628 994 894 1046 omittebant,
937 994 1071 1035 donec
1109 995 1245 1035 multo
1286 996 1492 1051 sanguine

135 1053 268 1094 effuso
313 1053 543 1094 exanimati
583 1053 922 1107 procumberent.
984 1052 1160 1095 Interim
1199 1053 1351 1096 Aretes
1392 1054 1545 1109 Scy-15

133 1111 318 1165 thamin,
351 1113 423 1166 qui
458 1113 748 1167 inpedimenta
781 1112 1054 1167 diripiebant,
1088 1112 1193 1154 duce
1227 1114 1366 1155 occiso
1399 1129 1491 1169 gra-

134 1172 226 1213 vius
271 1172 431 1213 territis
478 1173 674 1213 instabat.
752 1171 1042 1227 Supervenere
1089 1172 1238 1214 deinde
1283 1188 1307 1214 a
1350 1172 1489 1215 Dareo

132 1230 348 1272 Bactriani
393 1246 647 1287 pugnaeque
697 1235 858 1273 vertere
903 1232 1130 1273 fortunam.
1211 1231 1338 1274 Multi
1388 1247 1490 1289 ergo

132 1289 414 1332 Macedonum
467 1292 606 1345 primo
658 1291 821 1346 impetu
873 1292 1019 1332 obtriti
1072 1295 1187 1338 sunt,
1244 1293 1386 1346 plures
1438 1292 1489 1333 ad

131 1349 423 1391 Alexandrum
456 1351 717 1405 refugerunt.
781 1350 889 1392 Tum
918 1350 1070 1392 Persae
1097 1351 1281 1393 clamore
1309 1351 1490 1406 sublato,
1509 1368 1543 1393 20

132 1410 301 1463 qualem
329 1410 512 1451 victores
540 1411 678 1451 solent
706 1410 840 1463 edere,
871 1411 1072 1452 ferociter
1104 1411 1145 1451 in
1173 1410 1339 1452 hostem
1368 1412 1488 1464 quasi

131 1469 290 1523 ubique
341 1469 617 1525 profligatum
669 1469 948 1511 incurrerunt.
1024 1469 1268 1512 Alexander
1316 1471 1487 1512 territos

131 1530 359 1584 castigare.
406 1529 640 1575 adhortari,
679 1529 908 1583 proelium
954 1530 1067 1584 quod
1106 1530 1189 1570 iam
1229 1531 1488 1585 elanguerat,

131 1565 266 1629 solusU
281 1588 526 1630 accendere.
570 1588 917 1655 confirmatisque
950 1589 1119 1630 tandem
1153 1590 1306 1630 animis
1345 1590 1405 1630 ire
1444 1590 1485 1630 in

131 1647 297 1689 hostem
332 1648 459 1689 iubet.
524 1648 677 1689 Rarior
709 1649 820 1690 acies
853 1651 943 1690 erat
975 1649 1018 1689 111
1052 1649 1199 1689 dextro
1234 1663 1363 1690 cornu
1392 1648 1487 1690 Per·
1507 1651 1556 1687 58

131 1720 290 1747 sarum:
330 1722 514 1762 namque
554 1708 649 1749 inde
683 1707 899 1749 Bactriani
933 1708 1215 1749 discesserant
1253 1708 1305 1748 ad
1345 1709 1486 1762 oppri-
1506 1725 1539 1750 26

129 1766 281 1807 menda
315 1767 614 1821 inpedimenta.
678 1766 826 1821 Itaque
852 1767 1094 1808 Alexander
1119 1768 1284 1808 laxatos
1318 1767 1485 1809 ordines

130 1825 293 1866 invadit
325 1830 367 1867 et
399 1827 534 1867 multa
568 1827 692 1867 caede
725 1826 914 1868 hostium
948 1826 1173 1869 invehitur.
1232 1826 1291 1867 At
1330 1827 1401 1881 qui
1442 1827 1484 1867 in

128 1885 249 1926 laevo
278 1899 410 1926 cornu
437 1889 557 1927 erant
577 1885 657 1928 Pei
661 1900 743 1939 sae
770 1901 844 1941 spe
870 1900 994 1940 posse
1022 1901 1117 1928 eum
1146 1885 1305 1927 includi
1333 1900 1484 1941 agmen

128 1958 250 1985 suum
287 1960 309 1985 a
341 1948 462 1999 tergo
497 1945 738 1987 dimicantis
772 1949 1013 2000 opponunt:
1054 1946 1288 2000 ingensque
1321 1946 1483 1999 pericu·
1503 1962 1538 1987 30

223 2042 242 2071 ‘2
270 2018 480 2083 iunxerant]
507 2038 699 2072 iuncxerat
726 2042 751 2071 P
779 2042 1045 2082 1η.])1·.6
1073 2037 1135 2081 qui
1162 2041 1187 2071 P
1216 2049 1257 2071 m.
1273 2049 1350 2082 pr:
1384 2037 1471 2071 hic
1449 2042 1482 2071 c.

127 2088 146 2118 8
174 2086 400 2131 everterant]
427 2088 636 2120 enei-ment
656 2089 681 2119 P
703 2098 745 2119 m
761 2097 819 2129 pr.
921 2089 963 2119 10
990 2085 1051 2131 iis]
1072 2087 1102 2119 is
1123 2089 1159 2118 F.
1261 2090 1303 2119 14
1330 2085 1482 2129 quidam

128 2133 322 2167 Heinsius:
357 2132 507 2177 quidem
530 2136 558 2166 A
585 2133 638 2178 [ιη
661 2137 688 2166 F
707 2133 904 2168 collocatur
930 2144 1031 2166 arma
1057 2132 1235 2178 quidem}
1335 2132 1482 2167 omitte-

128 2180 232 2225 bant]
260 2180 464 2215 omitebant
493 2184 534 2216 L.
568 2180 778 2215 omititebat
807 2183 833 2213 P
858 2192 902 2214 m.
926 2192 983 2224 pr.
1085 2184 1126 2213 15
1154 2180 1371 2225 exanimati]
1398 2191 1482 2214 exa·

126 2227 257 2261 minati
279 2231 304 2260 P
327 2240 368 2261 ηι.
386 2240 443 2272 pr.
544 2229 673 2262 Aretes
708 2228 938 2262 Vindelivmsz
966 2227 1077 2262 aretis
1106 2230 1144 2261 Δ.
1244 2227 1464 2272 Scytharum

127 2274 336 2308 Scitha1·um
364 2279 404 2318 V,
432 2275 659 2309 schitharum
682 2277 785 2308 1321..
863 2278 905 2309 19
933 2275 979 2308 ad
1000 2286 1066 2309 0111.
1088 2278 1126 2308 V.
1203 2278 1246 2309 23
1273 2275 1461 2309 adhortari

127 2322 288 2356 adortari
315 2326 352 2356 P.
451 2322 684 2368 elanguerat]
717 2321 959 2365 elanguerant
987 2326 1025 2356 V.
1135 2325 1177 2356 2?
1205 2322 1367 2369 ordines]
1397 2322 1481 2356 hor—

127 2369 229 2404 dines
257 2373 292 2403 P.
376 2374 419 2404 28
446 2371 492 2404 At
521 2370 584 2414 qui
611 2374 644 2404 1:
673 2373 784 2414 atque
805 2373 843 2403 Δ.
