1610 2522
51 212 91 242 14

53 390 94 420 15

56 749 96 779 16

56 1043 97 1073 17

56 1281 98 1311 18

58 1460 99 1489 19

55 1637 99 1668 20

124 91 206 131 154
621 88 661 130 Q.
691 87 834 123 CURTI
860 87 971 122 RUFI

119 200 248 240 animi
270 199 388 253 sequi
409 200 595 252 possent,
622 200 850 251 postquam
871 196 1049 237 deficere
1070 195 1214 250 sensit,
1240 195 1476 250 poplitibus

120 261 255 300 semet
275 258 442 312 excepit
461 257 667 312 galeaque
694 260 864 297 strenue
891 259 1062 309 sumpta
1089 255 1223 309 clipeo
1251 258 1478 310 protegens

122 332 274 371 corpus
296 317 462 358 hastam
491 316 661 357 dextera
681 315 877 356 vibrabat
905 315 1016 355 ultro
1039 329 1276 367 provocans
1297 313 1477 366 hostem,

123 378 159 418 si
192 378 286 430 quis
326 376 481 417 iacenti
514 376 650 429 spolia
683 375 848 416 demere
880 374 1063 415 auderet.
1126 373 1217 415 Nec
1249 374 1475 428 quisquam

120 437 220 490 fuit,
254 437 325 490 qui
359 435 589 476 sustineret
630 434 868 475 comminus
901 433 1123 488 congredi:
1162 431 1310 487 procul
1342 432 1475 473 missi-
1517 449 1532 475 5

121 497 234 537 libus
267 495 559 549 adpetebatur,
593 509 639 534 ea
667 494 759 547 ipsa
785 493 826 534 in
855 493 1023 534 hostem
1052 496 1313 546 retorquens,
1346 491 1478 534 donec

121 557 267 596 lancea
298 554 411 595 nudo
444 554 605 609 pectori
640 553 770 594 infixa
802 555 877 594 est.
923 551 1013 601 Qua
1046 567 1097 592 ex
1130 553 1303 593 vulnere
1336 550 1481 592 evolsa

123 615 376 655 inclinatum
410 629 458 656 ac
491 614 688 655 deficiens
722 615 849 666 caput
882 612 1019 666 clipeo
1052 611 1269 666 paulisper
1301 610 1479 665 excepit,

124 674 221 715 dein
253 674 475 727 linquente
508 673 662 727 spiritu
696 672 855 726 pariter
881 686 928 711 ac
960 671 1168 725 sanguine
1200 669 1479 711 moribundus

125 735 168 775 in
195 748 310 775 arma
337 733 579 787 procubuit.
632 731 830 774 Cecidere
852 730 1284 772 Lacedaemoniorum
1306 742 1332 768 x·
1360 728 1480 770 milia
1502 748 1534 772 10

125 796 166 835 et
194 803 290 845 CCC,
322 808 373 833 ex
406 791 712 833 Macedonibus
746 790 860 831 haud
892 791 1076 844 amplius
1102 801 1154 831 Mt
1188 792 1373 830 ceterum
1409 788 1479 829 vix

126 853 352 907 quisquam
384 851 467 892 nisi
501 851 669 893 saucius
702 851 876 892 revertit
908 850 951 890 in
984 852 1133 890 castra.

214 911 331 952 Haec
374 911 553 953 victoria
597 925 684 952 non
717 908 914 964 Spartam
957 908 1084 950 modo
1125 908 1347 961 sociosque
1381 908 1526 961 eius,3

126 971 197 1013 sed
243 971 371 1011 etiam
417 971 576 1023 omnis,
621 970 695 1023 qui
738 970 955 1010 fortunam
1000 968 1102 1009 belli
1143 969 1482 1023 expectaverant,

124 1031 265 1086 fregit.
328 1029 419 1071 Nec
456 1030 633 1072 fallebat
666 1028 944 1082 Antipatrum
985 1027 1209 1068 dissentire
1244 1027 1296 1068 ab
1330 1026 1482 1067 animis
1505 1045 1536 1070 15

125 1089 435 1145 gratulantium
475 1090 635 1131 vultus:
681 1088 754 1129 sed
794 1088 953 1129 bellum
991 1087 1112 1128 finire
1155 1086 1342 1140 cupienti
1376 1100 1482 1140 opus

126 1152 215 1191 erat
247 1149 396 1203 decipi,
429 1152 482 1203 et,
515 1162 774 1203 quamquam
807 1149 980 1188 fortuna
1011 1161 1151 1187 rerum
1182 1145 1390 1201 placebat,
1421 1145 1483 1185 in-

125 1209 283 1250 vidiam
310 1211 465 1261 tamen,
499 1209 599 1262 quia
624 1208 805 1249 maiores
831 1221 897 1248 res
925 1209 1045 1247 erant
1072 1221 1210 1260 quam,
1238 1219 1342 1259 quas
1368 1219 1484 1259 prae-

125 1269 225 1309 fecti
246 1268 398 1309 modus
420 1271 600 1321 caperet,
621 1266 847 1308 metuebat.
889 1266 1055 1319 Quippe
1076 1265 1318 1306 Alexander
1336 1265 1482 1305 hostes

127 1328 240 1370 vinci
280 1329 491 1380 voluerat,
535 1326 812 1381 Antipatrum
854 1325 1006 1368 vicisse
1039 1340 1090 1366 ne
1124 1325 1278 1366 tacitus
1311 1323 1483 1378 quidem
1504 1342 1538 1367 20

126 1388 431 1442 indignabatur
469 1401 568 1427 suae
608 1386 829 1441 demptum
862 1385 1022 1441 gloriae
1055 1384 1321 1436 existimans,
1366 1383 1483 1437 quid-

128 1447 229 1501 quid
275 1447 469 1488 cessisset
512 1446 683 1487 alienae.
757 1444 906 1498 Itaque
945 1444 1189 1498 Antipater,
1235 1443 1307 1497 qui
1351 1443 1484 1497 probe

127 1509 271 1548 nosset
305 1507 480 1560 spiritus
513 1506 614 1553 eius,
654 1519 739 1545 non
773 1507 836 1545 est
868 1518 994 1544 ausus
1027 1503 1119 1557 ipse
1152 1517 1275 1557 agere
1307 1502 1484 1543 arbitria

126 1566 343 1619 victoriae,
377 1565 450 1606 sed
483 1565 711 1606 concilium
735 1562 1002 1615 Graecorum,
1035 1563 1137 1616 quid
1169 1562 1262 1603 fieri
1288 1563 1483 1616 placeret,

128 1625 354 1667 consuluit.
416 1624 455 1665 A
489 1639 572 1678 quo
606 1623 931 1665 Lacedaemonii
964 1622 1073 1663 nihil
1106 1621 1220 1663 aliud
1253 1635 1398 1675 quam,
1437 1624 1483 1661 ut
1504 1639 1538 1664 25

128 1688 316 1726 oratores
351 1685 520 1725 mittere
548 1683 598 1724 ad
627 1698 768 1738 regem
798 1683 955 1735 liceret,
988 1681 1196 1736 Tegeatae
1223 1681 1389 1721 veniam
1417 1679 1483 1720 de-

223 1781 242 1810 2
270 1777 402 1823 semet]
424 1778 541 1811 semet
559 1780 596 1817 P,
621 1776 683 1811 sed
702 1778 718 1809 t
740 1777 775 1809 in
805 1788 876 1809 ras.
958 1774 1120 1820 excepit]
1149 1774 1319 1818 excoepit
1338 1776 1410 1806 PV.

128 1825 328 1870 galeaque]
351 1824 528 1868 caleaque
543 1827 568 1857 P
588 1836 632 1858 m.
649 1835 707 1868 pr.
784 1822 904 1867 clipeo
925 1826 958 1855 1:
987 1821 1117 1866 clypeo
1139 1825 1168 1854 A
1189 1820 1409 1867 [clypeoque
1430 1820 1471 1866 B]

128 1878 148 1905 3
177 1872 329 1906 dextera
347 1875 388 1906 P:
417 1872 547 1906 dextra
568 1876 600 1905 C.
670 1882 876 1915 provocans
902 1870 1048 1913 scripsi:
1075 1880 1214 1903 uocans
1234 1872 1272 1902 A.
1349 1871 1370 1901 4
1389 1867 1483 1912 Nec]

127 1932 172 1953 nc
200 1924 232 1953 c.
350 1923 370 1953 5
398 1918 591 1964 congredi]
620 1918 791 1952 concredi
818 1921 843 1950 P
864 1929 983 1961 mpr.
1107 1920 1126 1949 8
1155 1916 1282 1962 caput]
1311 1915 1433 1959 capud
1459 1919 1484 1947 L

127 1979 241 2011 ·ηι.])ι·.
256 1971 292 2000 P.
368 1966 488 2012 clipeo
508 1970 541 2000 1:
564 1966 695 2010 clypeo
710 1969 748 1999 A.
825 1964 986 2010 excepit]
1008 1963 1263 2008 excoepitPV,
1339 1966 1358 1996 9
1380 1962 1483 2008 dein]

128 2016 173 2049 de
200 2019 225 2048 P
244 2026 290 2049 m.
305 2026 364 2059 pr.
468 2018 509 2048 10
537 2013 711 2048 Cecidere
738 2014 879 2048 Lazoer:
914 2012 1082 2046 excidere
1109 2015 1147 2044 A.
1251 2014 1292 2044 12
1320 2010 1483 2055 saucius]

128 2063 227 2097 scius
253 2066 278 2095 P
301 2075 342 2096 ηι.
359 2074 419 2106 pr.
544 2066 586 2095 13
614 2061 786 2105 Spartam
813 2064 844 2094 1:
874 2059 1065 2104 spartham
1091 2062 1168 2101 PF,
1195 2057 1350 2101 spartha
1375 2061 1482 2091 LFV.

131 2114 171 2144 14
194 2109 284 2144 belli
305 2111 590 2154 expectaverant
610 2110 756 2152 scripsi:
782 2107 919 2141 bellam
940 2108 1203 2151 spectauerant
1223 2109 1261 2138 A.
1340 2108 1381 2139 16
1403 2105 1483 2149 sed]

128 2169 165 2192 se
193 2161 218 2190 P
242 2170 283 2191 m.
302 2169 358 2201 pr.
449 2160 490 2190 13
518 2157 675 2190 maiores
702 2166 759 2189 res
782 2160 819 2189 C:
846 2155 1005 2189 maiores
1024 2157 1049 2187 P
1069 2166 1113 2187 m.
1129 2165 1188 2197 pr.
1267 2156 1307 2186 19
1335 2153 1483 2197 modus]

128 2205 247 2238 modis
271 2208 296 2237 P
321 2217 365 2239 m.
389 2217 447 2248 pr.
581 2208 624 2237 ’.ΞΟ
655 2203 911 2247 Antipatrum]
944 2201 1211 2245 anticipatmm
1238 2204 1262 2233 L
1294 2212 1336 2233 m.
1362 2212 1420 2243 pr.
1447 2203 1483 2232 P.

129 2257 172 2286 25
195 2252 314 2297 aliud]
336 2251 430 2286 aliut
449 2256 484 2285 L.
598 2255 640 2285 213
668 2250 853 2293 Tegeatae
877 2250 1079 2284 Bentleizcs:
1108 2250 1240 2293 geatae
1261 2251 1300 2287 A,
1321 2247 1383 2282 secl
1402 2249 1439 2281 in
1464 2250 1485 2279 c

129 2300 212 2334 add.
236 2311 325 2334 corr.
349 2301 384 2334 in
416 2300 577 2344 nzuryine
603 2297 756 2343 precati,
789 2299 824 2332 in
846 2301 875 2330 V
904 2298 941 2331 in
968 2301 1065 2332 textu
1093 2301 1143 2331 est
1169 2295 1313 2340 peccati
1339 2297 1484 2339 geatae,

130 2349 167 2381 in
188 2351 213 2380 L
243 2362 353 2380 ux*-
383 2348 527 2391 geatae.
