1610 2522
78 338 118 367 19

76 574 119 604 20

144 98 229 139 208
651 98 690 139 Q.
720 97 861 131 emm
890 96 1000 131 auri

144 207 286 259 libori,
319 206 536 248 vinculum
570 206 686 259 fidei,
722 206 891 247 obsides
922 206 1034 259 apud
1067 220 1208 261 regem
1243 208 1379 257 erant,
1411 205 1500 246 (lati

145 266 333 308 comites.
385 265 466 306 Per
498 266 664 306 deserta
696 266 824 306 etiam
859 264 912 305 ob
946 265 1178 306 siccitatem
1211 264 1303 307 loca
1329 263 1500 306 camelis

146 325 370 367 undecimo
406 324 483 378 die,
517 339 601 379 quo
632 324 929 378 destinaverat,
961 325 1225 379 perveniunt.
1277 323 1334 365 Et
1365 324 1499 378 prius-

146 400 272 439 quam
318 384 451 439 ipsius
495 384 764 425 nuntiaretur
805 384 1022 437 adventus,
1068 397 1214 425 rursus
1248 383 1501 437 Polydamas

146 448 307 485 vestem
340 443 657 485 Macedonicam
691 445 822 485 sumit
854 446 896 484 et
928 444 970 485 in
1005 442 1327 485 tabernaculum
1355 441 1502 484 Clean·
1541 460 1554 483 ε,

147 504 211 544 dri
243 529 301 532 —
333 505 504 557 praetor
541 503 611 545 hic
649 505 790 558 regius
830 506 919 543 erat
955 529 1004 531 —
1043 507 1192 557 quarta
1230 503 1377 558 vigilia
1414 516 1501 556 per-

148 564 273 604 venit.
325 562 519 604 Redditis
546 563 698 605 deinde
723 562 878 604 litteris
906 562 1221 604 constituerunt
1246 563 1382 617 prima
1409 562 1503 602 luce

148 622 200 664 ad
226 622 550 664 Parmenionem
584 623 707 664 coire.
758 621 934 676 Iamque
967 622 1116 663 ceteris
1144 636 1313 675 quoque
1339 621 1502 662 litteras

148 683 260 737 regis
293 681 512 735 attulerat,
557 682 638 723 iam
680 682 732 723 ad
765 697 862 724 eum
896 682 1063 722 venturi
1096 684 1233 734 erant,
1277 696 1373 723 cum
1406 679 1504 721 Par-

148 741 333 782 menioni
368 741 680 795 Polydamanta
711 742 877 783 venisse
910 741 1223 782 nuntiaverunt.
1288 740 1369 789 Qui
1403 739 1504 781 dum

148 802 331 842 laetatur
370 801 553 842 adventu
596 801 739 855 amici,
784 801 996 855 simulque
1030 801 1248 853 noscendi,
1293 814 1399 853 quae
1432 814 1504 840 rex

149 863 310 915 ageret,
354 860 503 901 avidus
538 886 589 889 —
626 862 782 915 quippe
822 860 952 916 longo
990 862 1215 901 intervallo
1257 861 1416 900 nullam
1452 858 1504 899 ab

149 934 198 961 eo
237 921 464 974 epistulam
504 923 724 974 acceperat
756 945 812 949 —
844 919 1153 973 Polydamanta
1185 919 1341 973 requiri
1376 918 1504 960 iubet.

79 999 86 1005 ·
150 979 404 1021 Deversoria
460 980 648 1035 regionis
704 981 818 1021 illius
880 993 1057 1034 magnos
1108 993 1298 1021 recessus
1348 977 1505 1019 habent

150 1053 437 1093 amoenosque
468 1039 715 1080 nemoribus
742 1054 871 1080 manu
897 1038 1089 1080 consitis:
1123 1053 1171 1079 ea
1196 1038 1419 1092 praecipue
1447 1052 1506 1079 re-

150 1114 251 1153 gum
285 1102 634 1152 satraparumque
668 1099 865 1152 voluptas
903 1102 1003 1139 erat.
1055 1098 1330 1152 Spatiabatur
1362 1098 1405 1138 in
1437 1111 1506 1138 ne-

152 1173 269 1199 more
300 1157 558 1200 Parmenion
589 1158 753 1199 medius
790 1159 901 1200 inter
934 1158 1078 1210 duces,
1123 1157 1277 1211 quibus
1310 1159 1400 1198 erat
1432 1156 1507 1197 im-

150 1220 346 1272 peratum
379 1217 534 1259 litteris
567 1218 697 1273 regis,
736 1220 783 1259 ut
815 1217 1065 1258 occiderent.
1127 1217 1329 1272 Agendae
1361 1219 1503 1257 autem

150 1279 211 1319 rei
255 1278 567 1319 constituerant
607 1280 797 1332 tempus,
842 1292 937 1319 cum
979 1276 1235 1318 Parmenion
1274 1292 1297 1317 a
1328 1275 1506 1330 Polyda-

151 1340 295 1378 mante
338 1336 504 1378 litteras
551 1337 729 1378 traditas
773 1337 913 1391 legere
958 1337 1177 1390 coepisset.
1253 1335 1506 1390 Polydamas
1528 1351 1542 1375 ρ

152 1398 303 1450 procul
342 1396 514 1438 veniens
553 1400 600 1437 ut
633 1411 656 1437 a
688 1396 969 1438 Parmenione
1005 1399 1257 1449 conspectus
1290 1398 1353 1436 est
1385 1395 1506 1436 vultu

251 1596 266 1624 1
297 1591 413 1636 apud]
435 1593 526 1635 aput
546 1595 615 1624 FP.
693 1596 711 1622 :3
733 1590 929 1624 undecimo
948 1590 1023 1635 die]
1046 1581 1082 1624 ἧι
1103 1590 1162 1623 die
1190 1593 1300 1631 BLV,
1329 1603 1366 1624 XI
1391 1589 1448 1622 die
1470 1593 1506 1625 F.

154 1653 205 1673 xi·
228 1639 352 1673 modio
373 1642 408 1672 P.
490 1650 562 1683 quo
584 1638 852 1684 destinaverat]
873 1638 973 1681 quod
993 1639 1258 1672 aestimauerat
1279 1641 1304 1671 L
1330 1649 1374 1672 m.
1392 1649 1449 1680 pr.
1472 1640 1506 1670 P.

154 1691 174 1721 4
210 1687 328 1730 ipsius
371 1687 602 1721 Vindelz'nus:
651 1686 719 1730 ipsi
757 1689 796 1719 A.
948 1685 1188 1731 Polydamas]
1230 1684 1438 1729 polidamas
1475 1688 1506 1718 C.

155 1738 174 1766 5
202 1734 498 1779 Macedonicam]
530 1733 786 1767 macedoniam
814 1738 848 1766 P.
971 1737 990 1766 6
1024 1740 1174 1777 praetor
1199 1736 1230 1766 1:
1265 1735 1371 1776 petor
1396 1736 1435 1765 A.

154 1782 232 1827 hic]
260 1782 296 1815 id
318 1785 357 1814 V.
433 1785 452 1815 8
480 1781 544 1826 ad]
566 1792 587 1815 a
607 1785 641 1814 P.
718 1781 1016 1826 Parmenionem]
1042 1780 1345 1825 parmoenionem
1366 1783 1434 1813 BP.

154 1829 305 1873 Iamque
331 1830 477 1873 smn'psi:
506 1840 664 1872 namque
692 1832 730 1862 A.
807 1828 954 1874 ceteris]
982 1829 1095 1862 ceteri
1122 1831 1225 1863 BPL.
1307 1828 1452 1862 litteras
1473 1831 1506 1860 1:

155 1877 291 1911 litteris
318 1880 356 1910 A.
481 1881 499 1910 9
528 1877 601 1910 iam
629 1888 693 1910 om.
716 1880 750 1910 P.
874 1876 973 1921 cum]
1000 1876 1073 1909 iam
1101 1880 1135 1909 P.
1259 1874 1508 1918 Parmenioni]

155 1924 410 1969 parmoenioni
439 1927 507 1957 BP.
591 1928 632 1957 10
660 1923 934 1968 Polydamanta
959 1927 992 1957 1:
1020 1923 1277 1967 polidamanta
1303 1926 1340 1956 Δ.
1416 1934 1507 1956 nuu-

157 1972 359 2017 tiaverunt]
387 1972 659 2005 nuneiauerunt
679 1975 717 2004 V.
820 1976 858 2005 11
889 1971 1015 2016 amici]
1043 1971 1147 2004 amiti
1169 1974 1204 2005 F.
1306 1975 1346 2004 12
1375 1970 1421 2003 ab
1449 1971 1508 2013 eo]

156 2020 275 2054 habeo
302 2023 336 2052 P.
416 2023 456 2052 13
484 2018 754 2062 Polydamanta
780 2022 811 2052 1:
839 2018 1121 2062 philodamanta
1142 2021 1237 2051 FPV
1260 2031 1301 2052 m.
1322 2030 1390 2061 pu,
1417 2018 1508 2062 phy-

156 2068 373 2102 lodamanta
392 2070 468 2105 BL,
497 2065 777 2111 pholidamanta
798 2070 825 2099 V
849 2078 890 2099 m.
911 2077 975 2100 sec.
1055 2070 1096 2099 14
1123 2065 1337 2100 Deversoria
1361 2066 1507 2109 scripsi:

157 2115 361 2149 diuersoria
389 2118 426 2148 A.
562 2113 717 2159 habent]
750 2113 861 2147 abent
894 2117 928 2146 P.
1068 2117 1108 2147 15
1144 2114 1289 2157 regum]
1325 2124 1444 2147 rernm
1472 2115 1506 2146 P.

160 2167 201 2197 16
224 2162 484 2207 Spatiabatur]
505 2162 744 2205 spaciabatur
757 2165 827 2195 PV.
910 2161 1074 2206 nemore]
1089 2171 1234 2195 nemete
1248 2164 1283 2193 P.
1361 2163 1401 2194 17
1424 2159 1508 2194 Par-

158 2211 321 2254 menion]
348 2209 587 2254 parmoenion
614 2212 650 2242 B.
796 2212 835 2242 19
864 2208 1097 2254 Parmenion]
1130 2208 1369 2252 parmoenion
1401 2211 1436 2241 P.

158 2258 427 2302 Polydamante
448 2261 480 2290 1:
509 2256 761 2301 polidam-ante
785 2259 929 2298 BLPV,
951 2255 1205 2299 polidamanta
1227 2259 1262 2288 F.
1340 2260 1382 2288 ’.ΞΗ
1408 2254 1509 2289 litte-

159 2306 233 2351 ras]
255 2305 389 2340 litteris
411 2309 445 2339 P.
521 2304 719 2349 coepisset]
746 2304 905 2348 cepisset
931 2306 1036 2337 BLV.
1112 2302 1334 2346 Polydamas
1356 2307 1387 2336 1:
1416 2301 1509 2347 poli-

159 2354 287 2387 damas
310 2356 346 2386 A.
447 2356 488 2386 21
519 2351 777 2397 Parmenione]
803 2351 1066 2395 parmoenione
1088 2354 1122 2384 B.

1527 757 1558 781 10

1529 1053 1560 1078 15
