1610 2522
57 746 88 771 10

56 1045 86 1068 15

55 1341 88 1365 20

381 82 714 117 HISToRIARl‘M
742 82 1024 116 ALEXANDRI
1052 83 1127 124 vn,
1158 87 1186 117 7.
1374 83 1459 124 233

110 193 281 233 meliore
325 191 514 233 hostium
560 206 686 246 quam
732 206 826 233 meo
871 195 1077 246 tempore:
1122 193 1195 233 sed
1232 193 1462 234 necessitas

109 255 205 292 ante
249 251 455 292 rationem
502 255 581 304 est,
626 253 808 293 maxime
852 251 895 291 in
936 251 1065 304 bello,
1111 266 1194 305 quo
1239 266 1334 293 raro
1372 267 1463 307 per-

110 311 296 352 mittitur
329 314 520 365 tempora
553 311 718 366 eligere.
781 311 983 353 Defecere
1017 311 1244 365 Bactriani,
1285 311 1326 351 in
1361 326 1462 366 quo-

110 386 201 411 rum
242 370 475 411 cervicibus
515 373 694 423 stamus,
739 374 797 423 et,
842 374 1046 425 quantum
1087 371 1126 411 in
1168 371 1292 412 nobis
1331 371 1460 411 animi

110 430 181 483 sit,
226 429 363 471 alieno
399 429 532 471 Marte
577 431 864 484 experiuntur.
936 430 1062 471 Haud
1102 430 1229 471 dubia
1273 431 1461 471 fortuna:

110 490 144 529 si
172 490 438 530 omiserimus
461 488 640 543 Scythas
668 491 781 530 ultro
809 504 925 531 arma
954 490 1195 536 inferentes,
1228 490 1461 544 contempti

109 549 159 589 ad
194 549 308 601 illos,
353 549 422 603 qui
459 549 720 602 defecerunt,
765 552 1039 591 revertemur:
1086 550 1120 590 si
1153 564 1251 590 vero
1285 549 1460 590 Tanaim

109 609 400 649 transierimus
445 612 487 649 et
531 609 689 662 ubique
734 609 915 650 invictos
961 624 1050 649 esse
1095 623 1171 650 nos
1207 609 1461 664 Scytharum

110 667 293 721 pernicie
327 682 373 708 ac
406 669 611 723 sanguine
645 668 970 721 ostenderimus,
1017 669 1112 722 quis
1146 668 1361 709 dubitabit
1393 684 1462 723 pa-

108 741 198 768 rere
231 727 358 768 etiam
384 727 581 781 Europae
615 727 877 768 victoribus?
928 728 1119 780 Fallitur,
1153 728 1225 782 qui
1255 729 1462 769 terminos

108 787 267 842 gloriae
300 790 469 827 nostrae
503 787 676 828 metitur
708 788 859 841 spatio,
901 788 1014 841 quod
1048 788 1270 828 transituri
1304 802 1461 828 sumus.

108 846 229 887 Unus
262 847 399 887 amnis
432 846 655 888 interfluit:
689 862 812 898 quen]
847 847 882 888 si
915 847 1147 900 traicimus,
1179 847 1223 887 in
1244 847 1462 901 Europam

108 920 225 946 arina
268 906 532 959 proferimus.
595 906 652 946 Et
697 907 843 960 quanti
887 906 1193 947 aestimandum
1237 910 1317 955 est,
1362 907 1461 947 dum

109 965 255 1006 Asiam
300 965 554 1020 subigimus,
601 966 643 1006 in
683 966 765 1007 alio
809 965 1121 1020 quodammodo
1156 966 1257 1007 orbe
1289 969 1463 1020 tropaea

109 1028 293 1065 statuere
329 1028 387 1079 et,
433 1040 539 1079 quae
571 1028 659 1065 tam
691 1027 820 1079 longo
854 1025 1078 1067 intervallo
1110 1028 1263 1067 natura
1295 1026 1463 1067 videtur

109 1084 343 1137 diremisse,
388 1099 472 1125 una
511 1085 688 1126 victoria
727 1085 867 1126 subito
908 1086 1202 1126 committere?
1253 1085 1329 1138 At,
1370 1086 1461 1126 her—

109 1145 211 1186 cule,
245 1144 277 1184 si
311 1145 485 1198 paulum
522 1144 836 1197 cessaverimus,
864 1145 908 1185 in
938 1146 1071 1199 tergis
1098 1144 1256 1186 nostris
1279 1144 1462 1199 Scythae

110 1203 351 1244 haerebunt.
403 1203 471 1243 An
505 1204 583 1244 soli
617 1219 774 1256 sumus,
808 1204 881 1258 qui
912 1204 1089 1246 fiumina
1121 1207 1339 1246 transnare
1366 1220 1461 1258 pos-

108 1262 283 1303 sumus?
332 1262 469 1304 Multa
503 1263 543 1303 in
576 1263 862 1317 nosmetipsos
895 1264 1094 1317 recident,
1137 1264 1293 1317 quibus
1325 1264 1462 1305 adhuc

109 1322 298 1363 vicimus.
379 1322 567 1363 Fortuna
613 1323 713 1364 belli
757 1326 890 1364 artem
934 1323 1069 1364 victos
1115 1338 1284 1377 quoque
1329 1324 1461 1364 docet.

107 1381 287 1423 Utribus
332 1396 496 1423 amnem
542 1382 762 1423 traiciendi
809 1384 1047 1436 exemplum
1092 1383 1271 1424 fecimus
1309 1398 1460 1437 nuper:

108 1441 189 1482 hoc
232 1444 279 1481 ut
313 1440 495 1494 Scythae
534 1442 693 1482 imitari
738 1441 944 1495 nesciant,
988 1442 1204 1483 Bactriani
1238 1443 1460 1484 docebunt.

108 1500 329 1541 Praeterea
362 1515 471 1541 unus
505 1501 642 1556 gentis
676 1501 802 1543 huius
836 1501 1048 1542 exercitus
1075 1501 1213 1543 adhuc
1239 1502 1366 1556 venit,
1400 1517 1461 1544 ce-

108 1560 188 1600 teri
221 1563 507 1613 expectantur.
571 1560 636 1601 Ita
669 1561 824 1602 bellun]
860 1561 1035 1601 vitando
1069 1562 1229 1602 alemus
1262 1565 1315 1614 et7
1349 1562 1461 1616 quod

56 1638 83 1662 ε·
108 1619 265 1660 inferre
291 1634 531 1672 possumus,
557 1620 747 1674 accipere
768 1635 980 1675 cogemur.
1035 1620 1262 1662 Manifesta
1282 1623 1345 1662 est
1366 1635 1462 1662 eon-

108 1679 192 1719 silii
225 1679 306 1718 mei
340 1679 465 1720 ratio:
500 1680 583 1733 sed,
617 1694 670 1720 an
696 1680 944 1734 permissuri
971 1680 1057 1720 sint
1083 1680 1188 1721 mihi
1209 1680 1461 1722 Macedones

204 1871 222 1899 2
251 1878 321 1910 quo
343 1871 374 1900 I:
403 1867 501 1909 quod
522 1871 560 1901 A.
637 1872 655 1901 3
684 1872 851 1912 tempora
872 1868 1008 1910 eligere
1031 1869 1251 1903 I‹'1·r.·be›21·ns:
1277 1870 1460 1912 tempore-

109 1913 231 1958 lcgere
258 1917 296 1947 A.
432 1917 452 1946 4
481 1916 636 1961 stamus]
665 1918 700 1949 et
728 1918 866 1949 stamus
893 1920 971 1959 Pv,
1000 1918 1164 1950 *stamus
1191 1920 1234 1951 L.
1263 1917 1301 1950 in.
1327 1919 1352 1949 B
1380 1921 1462 1951 anie

108 1962 248 1995 stamus
264 1963 422 2006 spatium
435 1962 591 1996 duarum
608 1964 808 1998 litterarmn
827 1974 976 1998 facttum
996 1965 1153 1998 relietum
1171 1969 1229 1998 est.
1301 1968 1319 1997 5
1335 1963 1459 2009 Haud]

109 2010 172 2042 aut
198 2012 236 2041 V.
340 2009 454 2043 dubia
480 2009 644 2056 fortuna]
679 2010 790 2044 dubie
816 2011 1004 2045 fortunam
1031 2015 1066 2044 P.
1167 2015 1186 2045 6
1214 2011 1460 2056 omiserimus]

108 2056 358 2090 omisserimus
379 2061 415 2090 F.
492 2056 664 2104 Scythas]
692 2058 829 2092 scithas
852 2062 872 2091 C
896 2059 1023 2104 [scitas
1044 2059 1100 2103 V]
1175 2062 1195 2092 8
1224 2058 1460 2104 Scytharum]

108 2103 310 2137 scitharum
326 2108 346 2137 C
369 2104 559 2149 [scitatum
574 2106 630 2151 V].
707 2109 725 2139 9
742 2105 947 2151 dubitabit]
968 2105 1159 2140 dubitauit
1174 2110 1206 2140 C.
1284 2110 1325 2139 10
1347 2106 1459 2140 Euro-

107 2161 176 2193 pae
199 2151 425 2186 Letellet‘z'ets:
452 2163 612 2196 europen
634 2156 672 2186 A.
748 2153 920 2198 Fallitur]
942 2152 1084 2187 fallitor
1103 2157 1138 2186 P.
1217 2157 1258 2187 15
1281 2154 1459 2199 statuere]

109 2198 230 2231 stuere
250 2202 285 2232 P.
387 2204 428 2233 16
457 2199 664 2246 diremisse]
694 2200 877 2234 dirimisse
898 2204 933 2234 P.
1033 2201 1280 2246 committere]
1310 2201 1460 2234 commi-

107 2247 184 2278 tere
211 2249 246 2278 L.
344 2247 408 2292 At]
435 2247 483 2280 ad
503 2251 538 2281 P.
638 2247 803 2293 hercule]
831 2247 953 2282 ercule
979 2252 1017 2281 V.
1119 2251 1160 2282 17
1189 2248 1364 2294 Scythae]
1393 2248 1460 2282 sci-

108 2292 195 2326 thae
221 2295 297 2336 BL,
325 2294 441 2327 scit-ae
461 2298 533 2327 Fv.
612 2298 654 2329 19
681 2295 863 2341 recident]
890 2295 1081 2330 reccident
1100 2299 1136 2329 P.
1212 2300 1255 2329 22
1283 2295 1460 2341 Scythae]

109 2339 249 2373 scithae
276 2343 353 2383 BL,
381 2341 496 2375 scitae
522 2346 594 2376 FV.
696 2346 738 2376 25
766 2343 978 2390 possumus]
1006 2354 1183 2388 posumus
1209 2347 1244 2377 P.

1493 325 1530 355 11

1492 564 1532 593 12

1492 742 1532 772 13

1492 921 1533 950 14

1491 1099 1532 1129 15

1491 1337 1532 1367 16

1491 1515 1531 1545 17

1491 1635 1532 1664 18
