<?xml version="1.0" encoding="UTF-8"?>
<!DOCTYPE html PUBLIC "-//W3C//DTD XHTML 1.0 Transitional//EN"
    "http://www.w3.org/TR/xhtml1/DTD/xhtml1-transitional.dtd">
<html xmlns="http://www.w3.org/1999/xhtml" xml:lang="en" lang="en">
 <head>
  <title>
</title>
<meta http-equiv="Content-Type" content="text/html;charset=utf-8" />
  <meta name='ocr-system' content='tesseract 3.04.00' />
  <meta name='ocr-capabilities' content='ocr_page ocr_carea ocr_par ocr_line ocrx_word'/>
</head>
<body>
  <div class='ocr_page' id='page_1' title='image "./historiaealexand00curtuoft_0282.png"; bbox 0 0 1610 2522; ppageno 0'>
   <div class='ocr_carea' id='block_1_1' title="bbox 145 102 995 146">
    <p class='ocr_par' dir='ltr' id='par_1_1' title="bbox 145 102 995 146">
     <span class='ocr_line' id='line_1_1' title="bbox 145 102 995 146; baseline -0.013 0"><span class='ocrx_word' id='word_1_1' title='bbox 145 108 229 146; x_wconf 72' lang='grc'>268</span> <span class='ocrx_word' id='word_1_2' title='bbox 646 106 685 145; x_wconf 69' lang='lat' dir='ltr'>Q.</span> <span class='ocrx_word' id='word_1_3' title='bbox 715 102 856 137; x_wconf 12' lang='lat' dir='ltr'>‹exlrru&#39;rl</span> <span class='ocrx_word' id='word_1_4' title='bbox 886 102 995 136; x_wconf 68' lang='lat' dir='ltr'><strong>RUFI</strong></span> 
     </span>
    </p>
   </div>
   <div class='ocr_carea' id='block_1_2' title="bbox 75 210 1566 1931">
    <p class='ocr_par' dir='ltr' id='par_1_2' title="bbox 75 210 1501 386">
     <span class='ocr_line' id='line_1_2' title="bbox 75 210 1500 264; baseline -0.004 -8"><span class='ocrx_word' id='word_1_5' title='bbox 75 227 117 256; x_wconf 73' lang='lat'>&#39;22</span> <span class='ocrx_word' id='word_1_6' title='bbox 146 215 228 254; x_wconf 77' lang='lat' dir='ltr'>«luo</span> <span class='ocrx_word' id='word_1_7' title='bbox 263 230 312 255; x_wconf 86' lang='lat' dir='ltr'>ex</span> <span class='ocrx_word' id='word_1_8' title='bbox 345 214 482 254; x_wconf 82' lang='lat' dir='ltr'>tribus</span> <span class='ocrx_word' id='word_1_9' title='bbox 516 213 617 254; x_wconf 69' lang='lat' dir='ltr'>filiis</span> <span class='ocrx_word' id='word_1_10' title='bbox 645 227 782 254; x_wconf 76' lang='lat' dir='ltr'>secum</span> <span class='ocrx_word' id='word_1_11' title='bbox 821 212 1065 264; x_wconf 74' lang='lat' dir='ltr'>militarent,</span> <span class='ocrx_word' id='word_1_12' title='bbox 1097 211 1250 263; x_wconf 62' lang='lat' dir='ltr'>exegit.</span> <span class='ocrx_word' id='word_1_13' title='bbox 1301 210 1500 264; x_wconf 72' lang='lat' dir='ltr'><strong>Satrapes</strong></span> 
     </span>
     <span class='ocr_line' id='line_1_3' title="bbox 146 270 1499 327; baseline -0.001 -14"><span class='ocrx_word' id='word_1_14' title='bbox 146 275 271 315; x_wconf 75' lang='lat' dir='ltr'>etiam</span> <span class='ocrx_word' id='word_1_15' title='bbox 307 288 374 327; x_wconf 87' lang='lat' dir='ltr'>eo,</span> <span class='ocrx_word' id='word_1_16' title='bbox 407 273 477 326; x_wconf 79' lang='lat' dir='ltr'>qui</span> <span class='ocrx_word' id='word_1_17' title='bbox 513 288 641 326; x_wconf 78' lang='lat' dir='ltr'>penes</span> <span class='ocrx_word' id='word_1_18' title='bbox 677 273 814 326; x_wconf 72' lang='lat' dir='ltr'>ipsum</span> <span class='ocrx_word' id='word_1_19' title='bbox 850 271 1187 324; x_wconf 79' lang='lat' dir='ltr'>relinquebatur,</span> <span class='ocrx_word' id='word_1_20' title='bbox 1220 270 1376 311; x_wconf 87' lang='lat' dir='ltr'>tradito</span> <span class='ocrx_word' id='word_1_21' title='bbox 1411 270 1499 311; x_wconf 84' lang='lat' dir='ltr'>bar-</span> 
     </span>
     <span class='ocr_line' id='line_1_4' title="bbox 146 329 1501 386; baseline -0.002 -14"><span class='ocrx_word' id='word_1_22' title='bbox 146 334 247 374; x_wconf 86' lang='lat' dir='ltr'>bara.</span> <span class='ocrx_word' id='word_1_23' title='bbox 286 332 504 386; x_wconf 81' lang='lat' dir='ltr'>opulentia</span> <span class='ocrx_word' id='word_1_24' title='bbox 544 332 805 385; x_wconf 84' lang='lat' dir='ltr'>convivium,</span> <span class='ocrx_word' id='word_1_25' title='bbox 851 346 935 384; x_wconf 81' lang='lat' dir='ltr'>quo</span> <span class='ocrx_word' id='word_1_26' title='bbox 968 345 1110 385; x_wconf 80' lang='lat' dir='ltr'>regem</span> <span class='ocrx_word' id='word_1_27' title='bbox 1143 330 1397 383; x_wconf 78' lang='lat' dir='ltr'>accipiebat,</span> <span class='ocrx_word' id='word_1_28' title='bbox 1442 329 1501 369; x_wconf 92' lang='lat' dir='ltr'>in-</span> 
     </span>
    </p>

    <p class='ocr_par' dir='ltr' id='par_1_3' title="bbox 76 389 1556 565">
     <span class='ocr_line' id='line_1_5' title="bbox 76 389 1499 443; baseline -0.004 -8"><span class='ocrx_word' id='word_1_29' title='bbox 76 407 118 436; x_wconf 76' lang='lat'>·23</span> <span class='ocrx_word' id='word_1_30' title='bbox 147 395 376 433; x_wconf 79' lang='lat' dir='ltr'>struxerat:</span> <span class='ocrx_word' id='word_1_31' title='bbox 404 392 445 432; x_wconf 88' lang='lat' dir='ltr'>id</span> <span class='ocrx_word' id='word_1_32' title='bbox 467 407 562 433; x_wconf 89' lang='lat' dir='ltr'>cum</span> <span class='ocrx_word' id='word_1_33' title='bbox 591 391 726 432; x_wconf 89' lang='lat' dir='ltr'>multa</span> <span class='ocrx_word' id='word_1_34' title='bbox 747 391 946 431; x_wconf 85' lang='lat' dir='ltr'>comitate</span> <span class='ocrx_word' id='word_1_35' title='bbox 967 390 1261 443; x_wconf 75' lang='lat' dir='ltr'>celebraretur,</span> <span class='ocrx_word' id='word_1_36' title='bbox 1289 389 1499 430; x_wconf 85' lang='lat' dir='ltr'>introduci</span> 
     </span>
     <span class='ocr_line' id='line_1_6' title="bbox 148 448 1556 505; baseline -0.001 -13"><span class='ocrx_word' id='word_1_37' title='bbox 148 465 239 492; x_wconf 72' lang='lat' dir='ltr'>xxx</span> <span class='ocrx_word' id='word_1_38' title='bbox 290 451 454 492; x_wconf 83' lang='lat' dir='ltr'>nobiles</span> <span class='ocrx_word' id='word_1_39' title='bbox 507 452 694 505; x_wconf 77' lang='lat' dir='ltr'>virgines</span> <span class='ocrx_word' id='word_1_40' title='bbox 745 450 880 491; x_wconf 81' lang='lat' dir='ltr'>iussit.</span> <span class='ocrx_word' id='word_1_41' title='bbox 952 448 1068 490; x_wconf 88' lang='lat' dir='ltr'>Inter</span> <span class='ocrx_word' id='word_1_42' title='bbox 1119 463 1222 503; x_wconf 84' lang='lat' dir='ltr'>quas</span> <span class='ocrx_word' id='word_1_43' title='bbox 1274 451 1363 489; x_wconf 89' lang='lat' dir='ltr'>erat</span> <span class='ocrx_word' id='word_1_44' title='bbox 1413 448 1502 489; x_wconf 84' lang='lat' dir='ltr'>filia</span> <span class='ocrx_word' id='word_1_45' title='bbox 1541 466 1556 491; x_wconf 80' lang='lat'><strong>5</strong></span> 
     </span>
     <span class='ocr_line' id='line_1_7' title="bbox 150 508 1502 565; baseline -0.003 -13"><span class='ocrx_word' id='word_1_46' title='bbox 150 511 293 565; x_wconf 87' lang='lat' dir='ltr'>ipsius,</span> <span class='ocrx_word' id='word_1_47' title='bbox 323 511 495 552; x_wconf 78' lang='lat' dir='ltr'>Roxane</span> <span class='ocrx_word' id='word_1_48' title='bbox 522 511 705 562; x_wconf 85' lang='lat' dir='ltr'>nomine,</span> <span class='ocrx_word' id='word_1_49' title='bbox 733 510 887 551; x_wconf 84' lang='lat' dir='ltr'>eximia</span> <span class='ocrx_word' id='word_1_50' title='bbox 907 509 1098 563; x_wconf 90' lang='lat' dir='ltr'>corporis</span> <span class='ocrx_word' id='word_1_51' title='bbox 1126 508 1265 562; x_wconf 87' lang='lat' dir='ltr'>specie</span> <span class='ocrx_word' id='word_1_52' title='bbox 1287 511 1328 549; x_wconf 90' lang='lat' dir='ltr'>et</span> <span class='ocrx_word' id='word_1_53' title='bbox 1353 508 1502 549; x_wconf 87' lang='lat' dir='ltr'>decore</span> 
     </span>
    </p>

    <p class='ocr_par' dir='ltr' id='par_1_4' title="bbox 76 568 1559 803">
     <span class='ocr_line' id='line_1_8' title="bbox 76 568 1503 622; baseline -0.004 -8"><span class='ocrx_word' id='word_1_54' title='bbox 76 584 119 614; x_wconf 64' lang='lat'>‘24</span> <span class='ocrx_word' id='word_1_55' title='bbox 147 571 319 612; x_wconf 85' lang='lat' dir='ltr'>habitus</span> <span class='ocrx_word' id='word_1_56' title='bbox 354 571 396 612; x_wconf 91' lang='lat' dir='ltr'>in</span> <span class='ocrx_word' id='word_1_57' title='bbox 429 570 620 611; x_wconf 88' lang='lat' dir='ltr'>barbaris</span> <span class='ocrx_word' id='word_1_58' title='bbox 653 584 760 611; x_wconf 89' lang='lat' dir='ltr'>raro.</span> <span class='ocrx_word' id='word_1_59' title='bbox 818 570 933 618; x_wconf 81' lang='lat' dir='ltr'>Quae</span> <span class='ocrx_word' id='word_1_60' title='bbox 967 583 1223 622; x_wconf 87' lang='lat' dir='ltr'>quamquam</span> <span class='ocrx_word' id='word_1_61' title='bbox 1258 568 1368 608; x_wconf 88' lang='lat' dir='ltr'>iuter</span> <span class='ocrx_word' id='word_1_62' title='bbox 1399 569 1503 609; x_wconf 88' lang='lat' dir='ltr'>elec-</span> 
     </span>
     <span class='ocr_line' id='line_1_9' title="bbox 147 627 1504 684; baseline -0.003 -13"><span class='ocrx_word' id='word_1_63' title='bbox 147 634 212 671; x_wconf 84' lang='lat' dir='ltr'>tas</span> <span class='ocrx_word' id='word_1_64' title='bbox 245 633 520 684; x_wconf 69' lang='lat' dir='ltr'>processerat,</span> <span class='ocrx_word' id='word_1_65' title='bbox 553 629 743 670; x_wconf 88' lang='lat' dir='ltr'>omnium</span> <span class='ocrx_word' id='word_1_66' title='bbox 777 632 920 669; x_wconf 85' lang='lat' dir='ltr'>tamen</span> <span class='ocrx_word' id='word_1_67' title='bbox 954 629 1099 669; x_wconf 88' lang='lat' dir='ltr'>oculos</span> <span class='ocrx_word' id='word_1_68' title='bbox 1133 628 1344 668; x_wconf 78' lang='lat' dir='ltr'>convertit</span> <span class='ocrx_word' id='word_1_69' title='bbox 1377 627 1417 667; x_wconf 88' lang='lat' dir='ltr'>in</span> <span class='ocrx_word' id='word_1_70' title='bbox 1449 641 1504 679; x_wconf 86' lang='lat' dir='ltr'>se,</span> 
     </span>
     <span class='ocr_line' id='line_1_10' title="bbox 148 686 1504 745; baseline -0.003 -15"><span class='ocrx_word' id='word_1_71' title='bbox 148 691 331 731; x_wconf 78' lang='lat' dir='ltr'>maxime</span> <span class='ocrx_word' id='word_1_72' title='bbox 363 689 475 745; x_wconf 84' lang='lat' dir='ltr'>regis</span> <span class='ocrx_word' id='word_1_73' title='bbox 508 690 650 730; x_wconf 91' lang='lat' dir='ltr'>minus</span> <span class='ocrx_word' id='word_1_74' title='bbox 684 689 766 730; x_wconf 89' lang='lat' dir='ltr'>iam</span> <span class='ocrx_word' id='word_1_75' title='bbox 801 687 1108 741; x_wconf 78' lang='lat' dir='ltr'>cupiditatibus</span> <span class='ocrx_word' id='word_1_76' title='bbox 1142 688 1228 727; x_wconf 86' lang='lat' dir='ltr'>suis</span> <span class='ocrx_word' id='word_1_77' title='bbox 1256 686 1504 740; x_wconf 84' lang='lat' dir='ltr'>imperantis</span> 
     </span>
     <span class='ocr_line' id='line_1_11' title="bbox 149 746 1559 803; baseline -0.001 -13"><span class='ocrx_word' id='word_1_78' title='bbox 149 750 259 790; x_wconf 88' lang='lat' dir='ltr'>inter</span> <span class='ocrx_word' id='word_1_79' title='bbox 291 749 495 803; x_wconf 86' lang='lat' dir='ltr'>obsequia</span> <span class='ocrx_word' id='word_1_80' title='bbox 529 750 742 792; x_wconf 82' lang='lat' dir='ltr'>fortunae,</span> <span class='ocrx_word' id='word_1_81' title='bbox 790 751 937 789; x_wconf 77' lang='lat' dir='ltr'>contra</span> <span class='ocrx_word' id='word_1_82' title='bbox 969 761 1095 801; x_wconf 88' lang='lat' dir='ltr'>quam</span> <span class='ocrx_word' id='word_1_83' title='bbox 1128 761 1212 788; x_wconf 88' lang='grc'>11011</span> <span class='ocrx_word' id='word_1_84' title='bbox 1247 746 1349 787; x_wconf 87' lang='lat' dir='ltr'>satis</span> <span class='ocrx_word' id='word_1_85' title='bbox 1383 748 1559 789; x_wconf 80' lang='lat' dir='ltr'>cautam</span> 
     </span>
    </p>

    <p class='ocr_par' dir='ltr' id='par_1_5' title="bbox 78 805 1560 1221">
     <span class='ocr_line' id='line_1_12' title="bbox 78 805 1505 862; baseline -0.005 -9"><span class='ocrx_word' id='word_1_86' title='bbox 78 824 122 853; x_wconf 76' lang='lat'>25</span> <span class='ocrx_word' id='word_1_87' title='bbox 148 809 386 850; x_wconf 73' lang='lat' dir='ltr'>mortalitas</span> <span class='ocrx_word' id='word_1_88' title='bbox 414 812 488 849; x_wconf 87' lang='lat' dir='ltr'>est.</span> <span class='ocrx_word' id='word_1_89' title='bbox 540 806 690 862; x_wconf 86' lang='lat' dir='ltr'>Itaque</span> <span class='ocrx_word' id='word_1_90' title='bbox 716 809 800 860; x_wconf 88' lang='lat' dir='ltr'>ille,</span> <span class='ocrx_word' id='word_1_91' title='bbox 833 807 906 861; x_wconf 85' lang='lat' dir='ltr'>qui</span> <span class='ocrx_word' id='word_1_92' title='bbox 933 821 1108 847; x_wconf 82' lang='lat' dir='ltr'>uxorem</span> <span class='ocrx_word' id='word_1_93' title='bbox 1132 806 1269 859; x_wconf 89' lang='lat' dir='ltr'>Darei,</span> <span class='ocrx_word' id='word_1_94' title='bbox 1303 806 1377 859; x_wconf 88' lang='lat' dir='ltr'>qui</span> <span class='ocrx_word' id='word_1_95' title='bbox 1401 805 1505 846; x_wconf 88' lang='lat' dir='ltr'>duas</span> 
     </span>
     <span class='ocr_line' id='line_1_13' title="bbox 150 865 1506 924; baseline -0.003 -15"><span class='ocrx_word' id='word_1_96' title='bbox 150 869 259 909; x_wconf 85' lang='lat' dir='ltr'>filias</span> <span class='ocrx_word' id='word_1_97' title='bbox 299 868 504 924; x_wconf 81' lang='lat' dir='ltr'>virgines,</span> <span class='ocrx_word' id='word_1_98' title='bbox 550 868 705 921; x_wconf 86' lang='lat' dir='ltr'>quibus</span> <span class='ocrx_word' id='word_1_99' title='bbox 746 868 884 908; x_wconf 85' lang='lat' dir='ltr'>forma</span> <span class='ocrx_word' id='word_1_100' title='bbox 916 869 1084 920; x_wconf 88' lang='lat' dir='ltr'>praeter</span> <span class='ocrx_word' id='word_1_101' title='bbox 1114 865 1321 907; x_wconf 81' lang='lat' dir='ltr'>Roxanen</span> <span class='ocrx_word' id='word_1_102' title='bbox 1354 879 1506 919; x_wconf 89' lang='lat' dir='ltr'>conpa-</span> 
     </span>
     <span class='ocr_line' id='line_1_14' title="bbox 152 925 1506 981; baseline -0.003 -12"><span class='ocrx_word' id='word_1_103' title='bbox 152 929 233 969; x_wconf 81' lang='lat' dir='ltr'>rari</span> <span class='ocrx_word' id='word_1_104' title='bbox 277 930 397 969; x_wconf 86' lang='lat' dir='ltr'>nulla</span> <span class='ocrx_word' id='word_1_105' title='bbox 440 930 655 981; x_wconf 84' lang='lat' dir='ltr'>potuerat,</span> <span class='ocrx_word' id='word_1_106' title='bbox 700 927 813 967; x_wconf 86' lang='lat' dir='ltr'>haud</span> <span class='ocrx_word' id='word_1_107' title='bbox 858 926 940 967; x_wconf 84' lang='lat' dir='ltr'>alio</span> <span class='ocrx_word' id='word_1_108' title='bbox 984 925 1126 966; x_wconf 87' lang='lat' dir='ltr'>animo</span> <span class='ocrx_word' id='word_1_109' title='bbox 1159 940 1285 979; x_wconf 86' lang='lat' dir='ltr'>quam</span> <span class='ocrx_word' id='word_1_110' title='bbox 1319 925 1506 978; x_wconf 86' lang='lat' dir='ltr'>parentis</span> 
     </span>
     <span class='ocr_line' id='line_1_15' title="bbox 151 984 1507 1042; baseline -0.004 -13"><span class='ocrx_word' id='word_1_111' title='bbox 151 991 384 1042; x_wconf 79' lang='lat' dir='ltr'>aspexerat,</span> <span class='ocrx_word' id='word_1_112' title='bbox 417 990 518 1028; x_wconf 90' lang='lat' dir='ltr'>tunc</span> <span class='ocrx_word' id='word_1_113' title='bbox 550 988 594 1028; x_wconf 88' lang='lat' dir='ltr'>in</span> <span class='ocrx_word' id='word_1_114' title='bbox 622 1000 806 1028; x_wconf 89' lang='lat' dir='ltr'>amorem</span> <span class='ocrx_word' id='word_1_115' title='bbox 834 986 1122 1040; x_wconf 78' lang='lat' dir='ltr'>virgunculae,</span> <span class='ocrx_word' id='word_1_116' title='bbox 1155 985 1189 1026; x_wconf 91' lang='lat' dir='ltr'>si</span> <span class='ocrx_word' id='word_1_117' title='bbox 1216 984 1356 1039; x_wconf 83' lang='lat' dir='ltr'>regiae</span> <span class='ocrx_word' id='word_1_118' title='bbox 1383 984 1507 1038; x_wconf 86' lang='lat' dir='ltr'>stirpi</span> 
     </span>
     <span class='ocr_line' id='line_1_16' title="bbox 151 1043 1560 1102; baseline -0.001 -14"><span class='ocrx_word' id='word_1_119' title='bbox 151 1049 473 1101; x_wconf 72' lang='lat' dir='ltr'>compararetur,</span> <span class='ocrx_word' id='word_1_120' title='bbox 515 1046 718 1102; x_wconf 84' lang='lat' dir='ltr'>ignobilis</span> <span class='ocrx_word' id='word_1_121' title='bbox 758 1046 817 1086; x_wconf 89' lang='lat' dir='ltr'>ita</span> <span class='ocrx_word' id='word_1_122' title='bbox 856 1046 1015 1086; x_wconf 86' lang='lat' dir='ltr'>effusus</span> <span class='ocrx_word' id='word_1_123' title='bbox 1054 1048 1136 1098; x_wconf 86' lang='lat' dir='ltr'>est,</span> <span class='ocrx_word' id='word_1_124' title='bbox 1180 1047 1227 1085; x_wconf 90' lang='lat' dir='ltr'>ut</span> <span class='ocrx_word' id='word_1_125' title='bbox 1267 1043 1424 1085; x_wconf 79' lang='lat' dir='ltr'>diceret</span> <span class='ocrx_word' id='word_1_126' title='bbox 1456 1043 1509 1085; x_wconf 87' lang='lat' dir='ltr'>ad</span> <span class='ocrx_word' id='word_1_127' title='bbox 1529 1061 1560 1086; x_wconf 87' lang='lat'>15</span> 
     </span>
     <span class='ocr_line' id='line_1_17' title="bbox 152 1103 1507 1162; baseline -0.003 -15"><span class='ocrx_word' id='word_1_128' title='bbox 152 1106 455 1147; x_wconf 85' lang='lat' dir='ltr'>stabiliendum</span> <span class='ocrx_word' id='word_1_129' title='bbox 500 1121 679 1162; x_wconf 79' lang='lat' dir='ltr'>regnum</span> <span class='ocrx_word' id='word_1_130' title='bbox 724 1105 935 1160; x_wconf 87' lang='lat' dir='ltr'>pertinere</span> <span class='ocrx_word' id='word_1_131' title='bbox 979 1103 1130 1145; x_wconf 84' lang='lat' dir='ltr'>Persas</span> <span class='ocrx_word' id='word_1_132' title='bbox 1176 1107 1216 1144; x_wconf 88' lang='lat' dir='ltr'>et</span> <span class='ocrx_word' id='word_1_133' title='bbox 1255 1103 1507 1145; x_wconf 82' lang='lat' dir='ltr'>Macedones</span> 
     </span>
     <span class='ocr_line' id='line_1_18' title="bbox 153 1162 1510 1221; baseline -0.004 -13"><span class='ocrx_word' id='word_1_134' title='bbox 153 1167 335 1208; x_wconf 86' lang='lat' dir='ltr'>conubio</span> <span class='ocrx_word' id='word_1_135' title='bbox 382 1166 519 1221; x_wconf 81' lang='lat' dir='ltr'>iungi:</span> <span class='ocrx_word' id='word_1_136' title='bbox 565 1165 645 1206; x_wconf 87' lang='lat' dir='ltr'>hoc</span> <span class='ocrx_word' id='word_1_137' title='bbox 691 1179 774 1205; x_wconf 86' lang='grc'>11110</span> <span class='ocrx_word' id='word_1_138' title='bbox 819 1164 945 1205; x_wconf 86' lang='grc' dir='ltr'>111οᾶ0</span> <span class='ocrx_word' id='word_1_139' title='bbox 985 1167 1028 1204; x_wconf 88' lang='lat' dir='ltr'>et</span> <span class='ocrx_word' id='word_1_140' title='bbox 1065 1163 1269 1218; x_wconf 90' lang='lat' dir='ltr'>pudorem</span> <span class='ocrx_word' id='word_1_141' title='bbox 1309 1162 1434 1203; x_wconf 87' lang='lat' dir='ltr'>victis</span> <span class='ocrx_word' id='word_1_142' title='bbox 1467 1165 1510 1203; x_wconf 88' lang='lat' dir='ltr'>et</span> 
     </span>
    </p>

    <p class='ocr_par' dir='ltr' id='par_1_6' title="bbox 81 1222 1563 1395">
     <span class='ocr_line' id='line_1_19' title="bbox 81 1222 1508 1280; baseline -0.005 -10"><span class='ocrx_word' id='word_1_143' title='bbox 81 1240 124 1270; x_wconf 73' lang='lat'>26</span> <span class='ocrx_word' id='word_1_144' title='bbox 153 1226 396 1280; x_wconf 83' lang='lat' dir='ltr'>superbiam</span> <span class='ocrx_word' id='word_1_145' title='bbox 430 1225 665 1266; x_wconf 79' lang='lat' dir='ltr'>Victoribus</span> <span class='ocrx_word' id='word_1_146' title='bbox 699 1224 862 1265; x_wconf 85' lang='lat' dir='ltr'>detrahi</span> <span class='ocrx_word' id='word_1_147' title='bbox 896 1237 1032 1278; x_wconf 91' lang='lat' dir='ltr'>posse.</span> <span class='ocrx_word' id='word_1_148' title='bbox 1084 1222 1293 1264; x_wconf 73' lang='lat' dir='ltr'>Achillem</span> <span class='ocrx_word' id='word_1_149' title='bbox 1328 1236 1508 1276; x_wconf 84' lang='lat' dir='ltr'>quoque,</span> 
     </span>
     <span class='ocr_line' id='line_1_20' title="bbox 153 1282 1509 1341; baseline -0.004 -14"><span class='ocrx_word' id='word_1_150' title='bbox 153 1301 176 1327; x_wconf 89' lang='lat' dir='ltr'>a</span> <span class='ocrx_word' id='word_1_151' title='bbox 208 1300 292 1339; x_wconf 88' lang='lat' dir='ltr'>quo</span> <span class='ocrx_word' id='word_1_152' title='bbox 335 1299 467 1341; x_wconf 83' lang='lat' dir='ltr'>genus</span> <span class='ocrx_word' id='word_1_153' title='bbox 513 1285 604 1338; x_wconf 91' lang='lat' dir='ltr'>ipse</span> <span class='ocrx_word' id='word_1_154' title='bbox 649 1284 890 1337; x_wconf 84' lang='lat' dir='ltr'>deduceret,</span> <span class='ocrx_word' id='word_1_155' title='bbox 935 1297 1028 1323; x_wconf 87' lang='lat' dir='ltr'>cum</span> <span class='ocrx_word' id='word_1_156' title='bbox 1073 1284 1241 1337; x_wconf 81' lang='lat' dir='ltr'>captiva</span> <span class='ocrx_word' id='word_1_157' title='bbox 1274 1282 1424 1322; x_wconf 80' lang='lat' dir='ltr'>coisse:</span> <span class='ocrx_word' id='word_1_158' title='bbox 1457 1296 1509 1321; x_wconf 91' lang='lat' dir='ltr'>ne</span> 
     </span>
     <span class='ocr_line' id='line_1_21' title="bbox 153 1341 1563 1395; baseline -0.001 -9"><span class='ocrx_word' id='word_1_159' title='bbox 153 1345 299 1386; x_wconf 89' lang='lat' dir='ltr'>inferri</span> <span class='ocrx_word' id='word_1_160' title='bbox 346 1344 463 1385; x_wconf 84' lang='lat' dir='ltr'>nefas</span> <span class='ocrx_word' id='word_1_161' title='bbox 509 1344 769 1385; x_wconf 86' lang='lat' dir='ltr'>arbitrentur</span> <span class='ocrx_word' id='word_1_162' title='bbox 813 1343 937 1395; x_wconf 85' lang='lat' dir='ltr'>victi,</span> <span class='ocrx_word' id='word_1_163' title='bbox 982 1341 1248 1383; x_wconf 87' lang='lat' dir='ltr'>matrimonii</span> <span class='ocrx_word' id='word_1_164' title='bbox 1283 1342 1370 1382; x_wconf 88' lang='lat' dir='ltr'>iure</span> <span class='ocrx_word' id='word_1_165' title='bbox 1403 1342 1509 1382; x_wconf 81' lang='lat' dir='ltr'>velle</span> <span class='ocrx_word' id='word_1_166' title='bbox 1530 1359 1563 1384; x_wconf 78' lang='lat'>20</span> 
     </span>
    </p>

    <p class='ocr_par' dir='ltr' id='par_1_7' title="bbox 82 1400 1511 1636">
     <span class='ocr_line' id='line_1_22' title="bbox 82 1400 1509 1459; baseline -0.004 -13"><span class='ocrx_word' id='word_1_167' title='bbox 82 1418 124 1448; x_wconf 79' lang='lat'>27</span> <span class='ocrx_word' id='word_1_168' title='bbox 154 1405 284 1459; x_wconf 82' lang='lat' dir='ltr'>iungi.</span> <span class='ocrx_word' id='word_1_169' title='bbox 347 1404 568 1458; x_wconf 84' lang='lat' dir='ltr'>Insperato</span> <span class='ocrx_word' id='word_1_170' title='bbox 607 1404 762 1459; x_wconf 81' lang='lat' dir='ltr'>gaudio</span> <span class='ocrx_word' id='word_1_171' title='bbox 803 1402 939 1444; x_wconf 86' lang='lat' dir='ltr'>elatus</span> <span class='ocrx_word' id='word_1_172' title='bbox 978 1405 1100 1456; x_wconf 87' lang='lat' dir='ltr'>pater</span> <span class='ocrx_word' id='word_1_173' title='bbox 1137 1415 1373 1442; x_wconf 88' lang='lat' dir='ltr'>sermonem</span> <span class='ocrx_word' id='word_1_174' title='bbox 1419 1400 1509 1441; x_wconf 89' lang='lat' dir='ltr'>eius</span> 
     </span>
     <span class='ocr_line' id='line_1_23' title="bbox 154 1459 1511 1518; baseline -0.004 -13"><span class='ocrx_word' id='word_1_175' title='bbox 154 1465 327 1518; x_wconf 80' lang='lat' dir='ltr'>excipit,</span> <span class='ocrx_word' id='word_1_176' title='bbox 373 1467 413 1505; x_wconf 90' lang='lat' dir='ltr'>et</span> <span class='ocrx_word' id='word_1_177' title='bbox 451 1479 524 1505; x_wconf 80' lang='lat' dir='ltr'>rex</span> <span class='ocrx_word' id='word_1_178' title='bbox 564 1464 606 1504; x_wconf 88' lang='lat' dir='ltr'>in</span> <span class='ocrx_word' id='word_1_179' title='bbox 653 1463 792 1503; x_wconf 88' lang='lat' dir='ltr'>medio</span> <span class='ocrx_word' id='word_1_180' title='bbox 827 1461 1072 1516; x_wconf 85' lang='lat' dir='ltr'>cupiditatis</span> <span class='ocrx_word' id='word_1_181' title='bbox 1106 1460 1252 1502; x_wconf 89' lang='lat' dir='ltr'>ardore</span> <span class='ocrx_word' id='word_1_182' title='bbox 1287 1461 1412 1501; x_wconf 87' lang='lat' dir='ltr'>iussit</span> <span class='ocrx_word' id='word_1_183' title='bbox 1443 1459 1511 1500; x_wconf 88' lang='lat' dir='ltr'>ad-</span> 
     </span>
     <span class='ocr_line' id='line_1_24' title="bbox 154 1519 1511 1577; baseline -0.004 -12"><span class='ocrx_word' id='word_1_184' title='bbox 154 1525 253 1565; x_wconf 85' lang='lat' dir='ltr'>ferri</span> <span class='ocrx_word' id='word_1_185' title='bbox 286 1524 425 1577; x_wconf 87' lang='lat' dir='ltr'>patrio</span> <span class='ocrx_word' id='word_1_186' title='bbox 462 1537 576 1564; x_wconf 91' lang='lat' dir='ltr'>more</span> <span class='ocrx_word' id='word_1_187' title='bbox 611 1538 760 1576; x_wconf 88' lang='lat' dir='ltr'>panem</span> <span class='ocrx_word' id='word_1_188' title='bbox 796 1547 849 1550; x_wconf 97' lang='lat'><strong>—</strong></span> <span class='ocrx_word' id='word_1_189' title='bbox 884 1521 965 1562; x_wconf 89' lang='lat' dir='ltr'>hoc</span> <span class='ocrx_word' id='word_1_190' title='bbox 997 1524 1087 1562; x_wconf 87' lang='lat' dir='ltr'>erat</span> <span class='ocrx_word' id='word_1_191' title='bbox 1120 1521 1230 1574; x_wconf 87' lang='lat' dir='ltr'>apud</span> <span class='ocrx_word' id='word_1_192' title='bbox 1257 1519 1511 1561; x_wconf 87' lang='lat' dir='ltr'>Macedonas</span> 
     </span>
     <span class='ocr_line' id='line_1_25' title="bbox 155 1579 1511 1636; baseline -0.004 -12"><span class='ocrx_word' id='word_1_193' title='bbox 155 1584 469 1625; x_wconf 87' lang='lat' dir='ltr'>sanctissimum</span> <span class='ocrx_word' id='word_1_194' title='bbox 491 1582 734 1624; x_wconf 87' lang='lat' dir='ltr'>coeuntium</span> <span class='ocrx_word' id='word_1_195' title='bbox 755 1581 912 1636; x_wconf 73' lang='lat' dir='ltr'>pignus</span> <span class='ocrx_word' id='word_1_196' title='bbox 927 1606 995 1633; x_wconf 91' lang='lat'>—,</span> <span class='ocrx_word' id='word_1_197' title='bbox 1016 1595 1141 1634; x_wconf 87' lang='lat' dir='ltr'>quem</span> <span class='ocrx_word' id='word_1_198' title='bbox 1164 1579 1346 1620; x_wconf 81' lang='lat' dir='ltr'>divisum</span> <span class='ocrx_word' id='word_1_199' title='bbox 1368 1579 1511 1634; x_wconf 78' lang='lat' dir='ltr'>gladio</span> 
     </span>
    </p>

    <p class='ocr_par' dir='ltr' id='par_1_8' title="bbox 84 1637 1566 1756">
     <span class='ocr_line' id='line_1_26' title="bbox 84 1637 1566 1698; baseline -0.001 -15"><span class='ocrx_word' id='word_1_200' title='bbox 84 1668 127 1698; x_wconf 74' lang='lat'>28</span> <span class='ocrx_word' id='word_1_201' title='bbox 155 1646 332 1696; x_wconf 89' lang='lat' dir='ltr'>uterque</span> <span class='ocrx_word' id='word_1_202' title='bbox 372 1642 545 1683; x_wconf 87' lang='lat' dir='ltr'>libabat.</span> <span class='ocrx_word' id='word_1_203' title='bbox 610 1641 743 1682; x_wconf 85' lang='lat' dir='ltr'>Credo</span> <span class='ocrx_word' id='word_1_204' title='bbox 787 1655 876 1693; x_wconf 83' lang='lat' dir='ltr'>eos,</span> <span class='ocrx_word' id='word_1_205' title='bbox 922 1641 994 1694; x_wconf 84' lang='lat' dir='ltr'>qui</span> <span class='ocrx_word' id='word_1_206' title='bbox 1027 1640 1167 1695; x_wconf 80' lang='lat' dir='ltr'>gentis</span> <span class='ocrx_word' id='word_1_207' title='bbox 1201 1653 1338 1680; x_wconf 88' lang='lat' dir='ltr'>mores</span> <span class='ocrx_word' id='word_1_208' title='bbox 1372 1637 1510 1679; x_wconf 86' lang='lat' dir='ltr'>condi·</span> <span class='ocrx_word' id='word_1_209' title='bbox 1533 1656 1566 1681; x_wconf 83' lang='lat'>25</span> 
     </span>
     <span class='ocr_line' id='line_1_27' title="bbox 156 1698 1511 1756; baseline -0.003 -14"><span class='ocrx_word' id='word_1_210' title='bbox 156 1703 319 1755; x_wconf 90' lang='lat' dir='ltr'>derunt,</span> <span class='ocrx_word' id='word_1_211' title='bbox 352 1717 480 1756; x_wconf 84' lang='lat' dir='ltr'>parco</span> <span class='ocrx_word' id='word_1_212' title='bbox 514 1705 556 1742; x_wconf 91' lang='lat' dir='ltr'>et</span> <span class='ocrx_word' id='word_1_213' title='bbox 587 1701 769 1756; x_wconf 88' lang='lat' dir='ltr'>parabili</span> <span class='ocrx_word' id='word_1_214' title='bbox 801 1701 916 1741; x_wconf 83' lang='lat' dir='ltr'>victu</span> <span class='ocrx_word' id='word_1_215' title='bbox 951 1699 1172 1740; x_wconf 86' lang='lat' dir='ltr'>ostendere</span> <span class='ocrx_word' id='word_1_216' title='bbox 1205 1699 1390 1740; x_wconf 82' lang='lat' dir='ltr'>voluisse</span> <span class='ocrx_word' id='word_1_217' title='bbox 1422 1698 1511 1738; x_wconf 87' lang='lat' dir='ltr'>iun-</span> 
     </span>
    </p>

    <p class='ocr_par' dir='ltr' id='par_1_9' title="bbox 85 1756 1513 1931">
     <span class='ocr_line' id='line_1_28' title="bbox 85 1756 1513 1817; baseline -0.004 -15"><span class='ocrx_word' id='word_1_218' title='bbox 85 1788 127 1817; x_wconf 73' lang='lat'>29</span> <span class='ocrx_word' id='word_1_219' title='bbox 157 1761 357 1817; x_wconf 81' lang='lat' dir='ltr'>gentibus</span> <span class='ocrx_word' id='word_1_220' title='bbox 392 1776 512 1815; x_wconf 77' lang='lat' dir='ltr'>opes,</span> <span class='ocrx_word' id='word_1_221' title='bbox 558 1761 762 1815; x_wconf 86' lang='lat' dir='ltr'>quantulo</span> <span class='ocrx_word' id='word_1_222' title='bbox 798 1760 987 1801; x_wconf 86' lang='lat' dir='ltr'>contenti</span> <span class='ocrx_word' id='word_1_223' title='bbox 1021 1773 1110 1799; x_wconf 92' lang='lat' dir='ltr'>esse</span> <span class='ocrx_word' id='word_1_224' title='bbox 1143 1758 1356 1799; x_wconf 91' lang='lat' dir='ltr'>deberent.</span> <span class='ocrx_word' id='word_1_225' title='bbox 1419 1756 1513 1798; x_wconf 90' lang='lat' dir='ltr'>Hoc</span> 
     </span>
     <span class='ocr_line' id='line_1_29' title="bbox 156 1816 1513 1874; baseline -0.004 -12"><span class='ocrx_word' id='word_1_226' title='bbox 156 1821 281 1863; x_wconf 85' lang='lat' dir='ltr'>modo</span> <span class='ocrx_word' id='word_1_227' title='bbox 322 1836 395 1862; x_wconf 80' lang='lat' dir='ltr'>rex</span> <span class='ocrx_word' id='word_1_228' title='bbox 429 1820 555 1861; x_wconf 86' lang='lat' dir='ltr'>Asiae</span> <span class='ocrx_word' id='word_1_229' title='bbox 594 1823 636 1861; x_wconf 87' lang='lat' dir='ltr'>et</span> <span class='ocrx_word' id='word_1_230' title='bbox 667 1820 865 1874; x_wconf 83' lang='lat' dir='ltr'>Europae</span> <span class='ocrx_word' id='word_1_231' title='bbox 907 1819 1195 1860; x_wconf 87' lang='lat' dir='ltr'>introductam</span> <span class='ocrx_word' id='word_1_232' title='bbox 1228 1818 1338 1858; x_wconf 90' lang='lat' dir='ltr'>inter</span> <span class='ocrx_word' id='word_1_233' title='bbox 1372 1816 1513 1857; x_wconf 77' lang='lat' dir='ltr'>convi-</span> 
     </span>
     <span class='ocr_line' id='line_1_30' title="bbox 156 1876 1513 1931; baseline -0.004 -10"><span class='ocrx_word' id='word_1_234' title='bbox 156 1881 271 1922; x_wconf 81' lang='lat' dir='ltr'>vales</span> <span class='ocrx_word' id='word_1_235' title='bbox 304 1880 427 1921; x_wconf 90' lang='lat' dir='ltr'>ludos</span> <span class='ocrx_word' id='word_1_236' title='bbox 462 1879 736 1920; x_wconf 86' lang='lat' dir='ltr'>matrimonio</span> <span class='ocrx_word' id='word_1_237' title='bbox 774 1879 856 1920; x_wconf 77' lang='lat' dir='ltr'>sibi</span> <span class='ocrx_word' id='word_1_238' title='bbox 890 1878 1085 1919; x_wconf 77' lang='lat' dir='ltr'>adiunxit</span> <span class='ocrx_word' id='word_1_239' title='bbox 1117 1892 1167 1918; x_wconf 81' lang='lat' dir='ltr'>ex</span> <span class='ocrx_word' id='word_1_240' title='bbox 1201 1877 1367 1931; x_wconf 87' lang='lat' dir='ltr'>captiva</span> <span class='ocrx_word' id='word_1_241' title='bbox 1400 1876 1513 1931; x_wconf 81' lang='lat' dir='ltr'>geni-</span> 
     </span>
    </p>
   </div>
   <div class='ocr_carea' id='block_1_3' title="bbox 318 1954 419 1956">
    <p class='ocr_par' dir='ltr' id='par_1_10' title="bbox 318 1954 419 1956">
     <span class='ocr_line' id='line_1_31' title="bbox 318 1954 419 1956; baseline 0 0"><span class='ocrx_word' id='word_1_242' title='bbox 318 1954 419 1956; x_wconf 95' lang='lat' dir='ltr'> </span> 
     </span>
    </p>
   </div>
   <div class='ocr_carea' id='block_1_4' title="bbox 158 1980 1514 2220">
    <p class='ocr_par' dir='ltr' id='par_1_11' title="bbox 158 1980 1514 2220">
     <span class='ocr_line' id='line_1_32' title="bbox 254 1980 1510 2031; baseline -0.006 -11"><span class='ocrx_word' id='word_1_243' title='bbox 254 1990 272 2019; x_wconf 74' lang='grc'>2</span> <span class='ocrx_word' id='word_1_244' title='bbox 307 1987 364 2031; x_wconf 73' lang='lat' dir='ltr'>eo}</span> <span class='ocrx_word' id='word_1_245' title='bbox 402 1996 485 2019; x_wconf 88' lang='lat' dir='ltr'>eum</span> <span class='ocrx_word' id='word_1_246' title='bbox 513 1990 544 2018; x_wconf 87' lang='lat' dir='ltr'>C.</span> <span class='ocrx_word' id='word_1_247' title='bbox 693 1985 754 2028; x_wconf 81' lang='lat' dir='ltr'>qui</span> <span class='ocrx_word' id='word_1_248' title='bbox 788 1984 918 2028; x_wconf 73' lang='lat' dir='ltr'>penes]</span> <span class='ocrx_word' id='word_1_249' title='bbox 954 1983 1160 2027; x_wconf 83' lang='lat' dir='ltr'>quippenes</span> <span class='ocrx_word' id='word_1_250' title='bbox 1197 1986 1223 2015; x_wconf 85' lang='lat' dir='ltr'><strong>F</strong></span> <span class='ocrx_word' id='word_1_251' title='bbox 1249 1994 1292 2016; x_wconf 83' lang='lat' dir='ltr'>m.</span> <span class='ocrx_word' id='word_1_252' title='bbox 1321 1993 1388 2025; x_wconf 59' lang='lat' dir='ltr'>pr„</span> <span class='ocrx_word' id='word_1_253' title='bbox 1424 1980 1510 2024; x_wconf 72' lang='lat' dir='ltr'>qui*</span> 
     </span>
     <span class='ocr_line' id='line_1_33' title="bbox 158 2028 1513 2078; baseline -0.004 -11"><span class='ocrx_word' id='word_1_254' title='bbox 158 2045 270 2078; x_wconf 79' lang='lat' dir='ltr'>penes</span> <span class='ocrx_word' id='word_1_255' title='bbox 297 2037 333 2066; x_wconf 90' lang='lat' dir='ltr'>P.</span> <span class='ocrx_word' id='word_1_256' title='bbox 432 2033 572 2067; x_wconf 83' lang='lat' dir='ltr'>tradito</span> <span class='ocrx_word' id='word_1_257' title='bbox 602 2033 768 2066; x_wconf 66' lang='lat' dir='ltr'>Medius:</span> <span class='ocrx_word' id='word_1_258' title='bbox 798 2031 915 2065; x_wconf 82' lang='lat' dir='ltr'>tradit</span> <span class='ocrx_word' id='word_1_259' title='bbox 942 2035 981 2073; x_wconf 74' lang='lat' dir='ltr'>C,</span> <span class='ocrx_word' id='word_1_260' title='bbox 1009 2030 1106 2064; x_wconf 87' lang='lat' dir='ltr'>tradi</span> <span class='ocrx_word' id='word_1_261' title='bbox 1133 2033 1169 2063; x_wconf 88' lang='lat' dir='ltr'>P.</span> <span class='ocrx_word' id='word_1_262' title='bbox 1263 2034 1282 2062; x_wconf 77' lang='lat'>4</span> <span class='ocrx_word' id='word_1_263' title='bbox 1310 2028 1513 2062; x_wconf 80' lang='lat' dir='ltr'>celebrare-</span> 
     </span>
     <span class='ocr_line' id='line_1_34' title="bbox 159 2076 1512 2124; baseline -0.004 -9"><span class='ocrx_word' id='word_1_264' title='bbox 159 2085 218 2115; x_wconf 80' lang='lat' dir='ltr'>tur</span> <span class='ocrx_word' id='word_1_265' title='bbox 250 2082 368 2124; x_wconf 71' lang='lat' dir='ltr'>l&#39;oqelz</span> <span class='ocrx_word' id='word_1_266' title='bbox 397 2080 601 2115; x_wconf 81' lang='lat' dir='ltr'>celebraret</span> <span class='ocrx_word' id='word_1_267' title='bbox 621 2083 661 2112; x_wconf 83' lang='lat' dir='ltr'>A.</span> <span class='ocrx_word' id='word_1_268' title='bbox 737 2084 756 2113; x_wconf 89' lang='lat'>6</span> <span class='ocrx_word' id='word_1_269' title='bbox 783 2079 950 2123; x_wconf 76' lang='lat' dir='ltr'>Roxane]</span> <span class='ocrx_word' id='word_1_270' title='bbox 971 2088 1130 2112; x_wconf 71' lang='lat' dir='ltr'>roaxene</span> <span class='ocrx_word' id='word_1_271' title='bbox 1151 2081 1183 2111; x_wconf 89' lang='lat' dir='ltr'>C.</span> <span class='ocrx_word' id='word_1_272' title='bbox 1262 2080 1302 2110; x_wconf 87' lang='lat'>13</span> <span class='ocrx_word' id='word_1_273' title='bbox 1324 2076 1512 2121; x_wconf 85' lang='lat' dir='ltr'>potuerat]</span> 
     </span>
     <span class='ocr_line' id='line_1_35' title="bbox 159 2126 1514 2173; baseline -0.004 -10"><span class='ocrx_word' id='word_1_274' title='bbox 159 2131 305 2173; x_wconf 77' lang='lat' dir='ltr'>poterat</span> <span class='ocrx_word' id='word_1_275' title='bbox 324 2131 361 2161; x_wconf 90' lang='lat' dir='ltr'>B.</span> <span class='ocrx_word' id='word_1_276' title='bbox 439 2132 481 2162; x_wconf 75' lang='lat'>14</span> <span class='ocrx_word' id='word_1_277' title='bbox 508 2138 668 2161; x_wconf 87' lang='lat' dir='ltr'>amorem</span> <span class='ocrx_word' id='word_1_278' title='bbox 690 2131 731 2160; x_wconf 88' lang='lat' dir='ltr'>P:</span> <span class='ocrx_word' id='word_1_279' title='bbox 760 2137 883 2160; x_wconf 87' lang='lat' dir='ltr'>amore</span> <span class='ocrx_word' id='word_1_280' title='bbox 904 2131 935 2159; x_wconf 89' lang='lat' dir='ltr'>C.</span> <span class='ocrx_word' id='word_1_281' title='bbox 1014 2130 1055 2159; x_wconf 81' lang='lat'>15</span> <span class='ocrx_word' id='word_1_282' title='bbox 1077 2126 1340 2169; x_wconf 82' lang='lat' dir='ltr'>conpararet-ur</span> <span class='ocrx_word' id='word_1_283' title='bbox 1359 2127 1400 2157; x_wconf 88' lang='lat' dir='ltr'>P:</span> <span class='ocrx_word' id='word_1_284' title='bbox 1429 2135 1514 2158; x_wconf 89' lang='lat' dir='ltr'>con-</span> 
     </span>
     <span class='ocr_line' id='line_1_36' title="bbox 158 2170 1513 2220; baseline -0.004 -10"><span class='ocrx_word' id='word_1_285' title='bbox 158 2179 309 2220; x_wconf 83' lang='lat' dir='ltr'>paretur</span> <span class='ocrx_word' id='word_1_286' title='bbox 336 2180 367 2209; x_wconf 83' lang='grc'>0.</span> <span class='ocrx_word' id='word_1_287' title='bbox 487 2180 528 2209; x_wconf 72' lang='grc'>16</span> <span class='ocrx_word' id='word_1_288' title='bbox 556 2175 757 2219; x_wconf 74' lang='lat' dir='ltr'>pertinere]</span> <span class='ocrx_word' id='word_1_289' title='bbox 788 2184 940 2218; x_wconf 84' lang='lat' dir='ltr'>pernere</span> <span class='ocrx_word' id='word_1_290' title='bbox 967 2177 992 2206; x_wconf 89' lang='lat' dir='ltr'>P</span> <span class='ocrx_word' id='word_1_291' title='bbox 1014 2184 1130 2217; x_wconf 76' lang='lat' dir='ltr'>›11.])r.</span> <span class='ocrx_word' id='word_1_292' title='bbox 1250 2176 1289 2205; x_wconf 76' lang='lat'>17</span> <span class='ocrx_word' id='word_1_293' title='bbox 1318 2170 1513 2215; x_wconf 70' lang='lat' dir='ltr'>pudorem]</span> 
     </span>
    </p>
   </div>
   <div class='ocr_carea' id='block_1_5' title="bbox 159 2219 1514 2362">
    <p class='ocr_par' dir='ltr' id='par_1_12' title="bbox 159 2219 1514 2362">
     <span class='ocr_line' id='line_1_37' title="bbox 159 2219 1513 2268; baseline -0.003 -11"><span class='ocrx_word' id='word_1_294' title='bbox 159 2224 298 2268; x_wconf 81' lang='lat' dir='ltr'>pudore</span> <span class='ocrx_word' id='word_1_295' title='bbox 325 2227 361 2257; x_wconf 82' lang='lat' dir='ltr'>P.</span> <span class='ocrx_word' id='word_1_296' title='bbox 485 2228 528 2257; x_wconf 77' lang='lat'>20</span> <span class='ocrx_word' id='word_1_297' title='bbox 556 2223 642 2256; x_wconf 78' lang='lat' dir='ltr'>victi</span> <span class='ocrx_word' id='word_1_298' title='bbox 674 2224 819 2266; x_wconf 70' lang='lat' dir='ltr'>scripsi:</span> <span class='ocrx_word' id='word_1_299' title='bbox 857 2222 911 2254; x_wconf 83' lang='lat' dir='ltr'>ita</span> <span class='ocrx_word' id='word_1_300' title='bbox 944 2225 981 2254; x_wconf 81' lang='lat' dir='ltr'>A.</span> <span class='ocrx_word' id='word_1_301' title='bbox 1105 2219 1225 2253; x_wconf 83' lang='lat' dir='ltr'>elatus</span> <span class='ocrx_word' id='word_1_302' title='bbox 1259 2219 1513 2253; x_wconf 59' lang='lat' dir='ltr'>Elem-hardus:</span> 
     </span>
     <span class='ocr_line' id='line_1_38' title="bbox 160 2266 1514 2311; baseline -0.004 -7"><span class='ocrx_word' id='word_1_303' title='bbox 160 2272 280 2305; x_wconf 79' lang='lat' dir='ltr'>laetus</span> <span class='ocrx_word' id='word_1_304' title='bbox 302 2274 339 2304; x_wconf 79' lang='lat' dir='ltr'>A.</span> <span class='ocrx_word' id='word_1_305' title='bbox 417 2276 460 2305; x_wconf 77' lang='lat'>23</span> <span class='ocrx_word' id='word_1_306' title='bbox 488 2270 712 2304; x_wconf 82' lang='lat' dir='ltr'>Macedonas</span> <span class='ocrx_word' id='word_1_307' title='bbox 732 2273 774 2302; x_wconf 87' lang='lat' dir='ltr'>P:</span> <span class='ocrx_word' id='word_1_308' title='bbox 802 2269 1022 2302; x_wconf 82' lang='lat' dir='ltr'>macedones</span> <span class='ocrx_word' id='word_1_309' title='bbox 1044 2273 1075 2301; x_wconf 91' lang='lat' dir='ltr'>c.</span> <span class='ocrx_word' id='word_1_310' title='bbox 1152 2271 1195 2300; x_wconf 79' lang='lat'>24</span> <span class='ocrx_word' id='word_1_311' title='bbox 1223 2266 1514 2311; x_wconf 66' lang='lat' dir='ltr'>sanctissimum]</span> 
     </span>
     <span class='ocr_line' id='line_1_39' title="bbox 161 2314 1514 2362; baseline -0.004 -10"><span class='ocrx_word' id='word_1_312' title='bbox 161 2319 412 2352; x_wconf 84' lang='lat' dir='ltr'>santissimum</span> <span class='ocrx_word' id='word_1_313' title='bbox 439 2322 474 2351; x_wconf 91' lang='lat' dir='ltr'>P.</span> <span class='ocrx_word' id='word_1_314' title='bbox 566 2322 607 2350; x_wconf 77' lang='lat'>:25</span> <span class='ocrx_word' id='word_1_315' title='bbox 635 2318 766 2362; x_wconf 67' lang='lat' dir='ltr'>Credo]</span> <span class='ocrx_word' id='word_1_316' title='bbox 798 2316 896 2350; x_wconf 83' lang='lat' dir='ltr'>credi</span> <span class='ocrx_word' id='word_1_317' title='bbox 924 2321 956 2349; x_wconf 83' lang='lat' dir='ltr'>c.</span> <span class='ocrx_word' id='word_1_318' title='bbox 1048 2320 1091 2349; x_wconf 64' lang='lat'>‘28</span> <span class='ocrx_word' id='word_1_319' title='bbox 1119 2314 1303 2359; x_wconf 82' lang='lat' dir='ltr'>Europae]</span> <span class='ocrx_word' id='word_1_320' title='bbox 1331 2323 1464 2358; x_wconf 81' lang='lat' dir='ltr'>eropae</span> <span class='ocrx_word' id='word_1_321' title='bbox 1489 2317 1514 2346; x_wconf 90' lang='lat' dir='ltr'>P</span> 
     </span>
    </p>
   </div>
   <div class='ocr_carea' id='block_1_6' title="bbox 163 2362 1513 2411">
    <p class='ocr_par' dir='ltr' id='par_1_13' title="bbox 163 2362 1513 2411">
     <span class='ocr_line' id='line_1_40' title="bbox 163 2362 1513 2411; baseline -0.004 -11"><span class='ocrx_word' id='word_1_322' title='bbox 163 2379 204 2401; x_wconf 85' lang='lat' dir='ltr'>m.</span> <span class='ocrx_word' id='word_1_323' title='bbox 224 2378 279 2411; x_wconf 77' lang='lat' dir='ltr'>pr.</span> <span class='ocrx_word' id='word_1_324' title='bbox 379 2371 422 2399; x_wconf 74' lang='grc'>29</span> <span class='ocrx_word' id='word_1_325' title='bbox 451 2365 637 2411; x_wconf 76' lang='lat' dir='ltr'>adiunxit]</span> <span class='ocrx_word' id='word_1_326' title='bbox 665 2364 857 2399; x_wconf 83' lang='lat' dir='ltr'>adiuncxit</span> <span class='ocrx_word' id='word_1_327' title='bbox 879 2367 918 2398; x_wconf 87' lang='lat' dir='ltr'>V.</span> <span class='ocrx_word' id='word_1_328' title='bbox 1015 2374 1057 2397; x_wconf 83' lang='lat' dir='ltr'>ex</span> <span class='ocrx_word' id='word_1_329' title='bbox 1085 2362 1285 2397; x_wconf 80' lang='lat' dir='ltr'>Kinchius:</span> <span class='ocrx_word' id='word_1_330' title='bbox 1313 2364 1350 2396; x_wconf 88' lang='lat' dir='ltr'>et</span> <span class='ocrx_word' id='word_1_331' title='bbox 1375 2365 1411 2403; x_wconf 90' lang='lat' dir='ltr'>P,</span> <span class='ocrx_word' id='word_1_332' title='bbox 1438 2372 1456 2395; x_wconf 85' lang='lat' dir='ltr'>e</span> <span class='ocrx_word' id='word_1_333' title='bbox 1481 2365 1513 2395; x_wconf 86' lang='lat' dir='ltr'>c.</span> 
     </span>
    </p>
   </div>
  </div>
 </body>
</html>
