1610 2522
69 216 87 243 3

70 334 86 362 -1

70 511 90 539 5

71 629 90 658 6

73 866 90 896 7

73 1044 93 1074 8

74 1164 94 1193 9

55 1521 96 1551 10

57 1821 97 1851 ll

122 91 204 132 134
624 91 662 130 Q.
693 87 837 122 ‹JURTI
864 86 975 121 RUFI

117 215 159 241 se
207 199 494 253 praeparabat.
560 209 653 238 xxx
694 197 810 238 milia
857 196 1043 250 peditum
1086 194 1389 249 sequebantur,
1434 193 1475 234 in

117 259 271 314 quibus
300 258 558 299 Graecorum
592 260 712 298 erant
746 267 813 296 1111
846 255 965 296 milia
996 255 1078 295 fide
1114 258 1252 295 vetere
1284 267 1383 309 erga
1416 267 1476 294 re-

117 333 212 374 gem
252 318 302 358 ad
344 317 544 359 ultimum
585 316 755 357 invicta.
819 314 1102 356 Funditorum
1139 328 1308 368 quoquc
1341 315 1382 354 et
1415 327 1476 354 sa-

117 378 389 434 gittariorum
436 391 586 417 manus
622 387 685 418 1111
730 374 849 416 milia
893 373 1153 428 expleverat:
1197 375 1362 427 praeter
1400 372 1478 413 hos

117 449 168 478 111
202 437 319 478 milia
353 441 393 478 et
427 447 511 477 CCC
544 435 709 489 equites
741 438 880 486 erant,
925 434 1106 475 maxime
1140 432 1476 473 Bactrianorum.
1517 447 1531 471 5

117 496 274 537 Bessus
307 498 512 550 praeerat,
550 495 802 536 Bactrianae
836 493 1022 549 regionis
1055 493 1306 547 praefectus.
1371 492 1477 533 (jum

119 556 200 597 hoc
233 555 400 611 agmine
434 556 606 609 paulum
642 553 871 595 declinavit
904 554 972 594 via
1005 553 1181 594 militari
1209 552 1333 593 iussis
1361 565 1480 606 prae-

119 615 265 657 cedere
309 615 407 656 lixis
454 613 928 669 inpedimentorumque
967 611 1226 653 custodibus.
1291 610 1479 652 Consilio

118 674 269 716 deinde
313 674 537 716 advocato:
584 672 645 714 ‘Si
678 687 775 715 cum
808 672 1008 728 ignavis',
1054 671 1209 725 inquit,
1257 671 1314 712 ‘et
1346 670 1481 725 pluris

120 734 472 789 qualemcumque
520 734 652 774 vitam
696 747 819 786 quam
865 731 1089 772 honestam
1137 733 1316 771 mortem
1358 729 1481 771 aesti-
1504 749 1535 773 ιο

119 794 336 835 mantibus
381 796 554 834 fortuna
594 807 656 834 me
691 792 916 845 iunxisset,
962 794 1140 832 tacerem
1177 791 1320 844 potius
1353 803 1480 843 quani

119 856 279 895 frustra
311 853 439 894 verba
471 867 773 895 consumerem.
837 850 919 892 Sed
952 850 1124 900 maiore,
1157 864 1285 903 quam
1319 850 1482 902 vellem,

121 913 378 955 documento
406 914 448 954 et
471 912 673 953 virtutem
705 914 887 952 vestram
915 914 957 952 et
976 910 1103 950 fidem
1125 912 1326 963 expertus
1347 908 1482 964 magis

122 974 248 1014 etiam
281 972 412 1013 coniti
440 972 587 1025 debeo,
621 974 668 1012 ut
695 971 849 1025 dignus
876 970 1034 1011 talibus
1062 969 1209 1010 amicis
1236 969 1329 1021 sim,
1356 982 1482 1022 quam

122 1032 327 1085 dubitare,
360 1046 412 1073 au
447 1032 576 1073 vestri
604 1031 765 1072 similes
792 1029 930 1071 adhuc
956 1029 1062 1070 sitis.
1113 1028 1178 1069 Ex
1206 1032 1271 1069 tot
1297 1026 1482 1079 milibus,
1505 1045 1536 1070 ιε,

122 1106 229 1146 quae
274 1091 352 1133 sub
399 1091 577 1145 imperio
622 1091 796 1132 fuerunt
838 1103 955 1142 meo,
999 1089 1064 1130 bis
1098 1102 1163 1129 me
1198 1088 1374 1140 victum,
1419 1086 1483 1127 bis

121 1151 358 1206 fugientem
398 1151 608 1205 persecuti
647 1150 760 1191 estis.
824 1149 948 1190 Fides
987 1151 1126 1190 vestra
1159 1150 1201 1188 et
1232 1146 1485 1199 constantia,

121 1214 170 1252 ut
208 1226 351 1266 regem
385 1225 451 1251 me
485 1225 575 1252 esse
608 1210 786 1259 credam,
825 1208 938 1250 facit.
1002 1207 1246 1249 Proditores
1279 1210 1320 1247 et
1351 1209 1486 1248 trans-

120 1271 248 1327 fugae
276 1271 317 1311 in
346 1269 524 1311 urbibus
550 1270 654 1310 meis
682 1272 874 1324 regnant,
899 1282 997 1320 non,
1029 1267 1212 1320 hercule,
1245 1266 1343 1321 quia
1365 1269 1485 1307 tanto

122 1331 284 1372 honore
324 1330 441 1385 digni
479 1330 710 1381 habentur,
755 1329 828 1370 sed
860 1331 908 1369 ut
939 1327 1140 1382 praemiis
1173 1340 1319 1368 eorum
1355 1325 1485 1367 vestri
1505 1344 1540 1369 ευ

124 1390 408 1432 sollicitentur
440 1389 582 1430 animi.
646 1388 783 1430 Meam
818 1388 1033 1430 fortunam
1068 1390 1207 1428 tamen
1242 1400 1369 1440 quam
1403 1386 1488 1427 vic-

122 1450 228 1491 toris
269 1449 480 1490 maluistis
520 1450 661 1502 sequi,
707 1447 968 1503 dignissimi,
1007 1447 1181 1500 quibus,
1221 1445 1255 1486 si
1289 1459 1367 1500 ego
1400 1458 1485 1485 non

124 1510 304 1564 possim.
350 1508 409 1550 dii
440 1522 517 1563 pro
551 1523 618 1549 me
650 1507 833 1564 gra-tiam
866 1506 1061 1547 referant.
1124 1505 1198 1557 Et,
1233 1502 1486 1556 mehercule,

124 1568 319 1610 referent.
383 1567 515 1609 Nulla
555 1568 635 1609 erit
677 1571 764 1608 tam
797 1566 924 1608 surda
956 1565 1204 1620 posteritas,
1249 1565 1365 1605 nulla
1398 1567 1485 1604 tam

125 1629 290 1683 ingrata
324 1628 449 1682 fama,
482 1641 590 1681 quae
623 1641 707 1667 non
741 1627 784 1667 in
815 1627 976 1667 caelum
1006 1639 1079 1666 vos
1107 1624 1263 1666 debitis
1290 1622 1486 1665 laudibus
1507 1641 1539 1666 25

124 1688 244 1728 ferat.
295 1686 447 1741 Itaque
480 1688 608 1728 etiam
641 1687 677 1727 si
711 1685 936 1727 consilium
969 1685 1109 1740 fugae,
1141 1700 1164 1724 a
1192 1698 1274 1738 qua
1303 1682 1484 1724 multum
1508 1686 1556 1720 :35

126 1747 327 1788 abhorret
360 1747 546 1798 animus,
579 1746 826 1801 agitassem,
870 1747 1009 1786 vestra
1041 1748 1183 1785 tamen
1216 1743 1374 1784 virtute
1407 1742 1487 1782 fre-

126 1810 196 1848 tus
242 1807 412 1847 obviam
456 1807 582 1847 issem
627 1805 754 1847 hosti.
830 1804 923 1853 Quo
965 1818 1099 1857 usque
1132 1804 1245 1844 enim
1279 1802 1323 1844 in
1354 1815 1486 1856 regno

127 1865 309 1907 exulabo
350 1868 391 1906 et
431 1880 506 1919 per
538 1866 643 1906 fines
678 1864 846 1919 imperii
879 1864 962 1905 mei
994 1863 1158 1919 fugiam
1191 1865 1411 1902 externum
1446 1864 1488 1902 et

226 1976 243 2005 1
273 1984 342 2005 xxx
370 1970 491 2016 milia]
520 1983 588 2004 xxx
617 1973 723 2003 FLV.
800 1973 818 2002 -2
847 1969 917 2003 fide
946 1970 1066 2003 vetere
1092 1967 1238 2012 scripsi:
1267 1965 1427 2000 fideliter
1447 1968 1485 1998 A.

129 2024 149 2053 5
172 2019 454 2053 Bactrianorum
476 2017 619 2052 Froben
627 2018 698 2052 ius:
722 2017 1004 2061 parthienorum
1018 2019 1047 2049 Δ
1061 2015 1285 2061 [partiorum
1299 2017 1324 2046 1.
1340 2026 1382 2047 m.
1400 2012 1486 2057 pr.].

130 2074 150 2100 ὅ
178 2066 278 2112 lixis]
311 2066 402 2100 bisis
435 2069 474 2099 V.
609 2063 1043 2144 inpedimentorumquq
1075 2062 1414 2107 inpedimentorum
1450 2064 1485 2093 P.

130 2120 150 2148 9
172 2115 309 2159 inquit]
324 2113 455 2158 inquid
471 2117 506 2146 L.
582 2112 699 2157 pluris
715 2116 746 2145 1:
769 2111 939 2157 plurimis
953 2115 989 2152 P,
1005 2123 1028 2156 p
1047 2110 1173 2144 uribus
1192 2114 1224 2143 c.
1303 2111 1345 2142 10
1359 2120 1443 2152 qua
1455 2120 1485 2141 m

129 2161 214 2196 add.
239 2162 432 2196 [sinchius.
511 2165 548 2194 11
581 2173 631 2194 me
658 2160 837 2194 iunxisset
871 2159 995 2203 174qu:
1024 2158 1204 2192 iunxisset
1224 2160 1263 2190 A.
1345 2155 1486 2201 potius]

130 2209 258 2254 pocius
286 2213 323 2243 V.
436 2214 477 2243 13
505 2208 744 2253 documento]
773 2207 1016 2241 doccumcuto
1043 2209 1079 2239 L.
1186 2209 1228 2239 15
1256 2202 1412 2249 similes]
1440 2202 1488 2236 si-

130 2257 229 2290 milis
250 2261 275 2290 P
295 2268 406 2301 mpr.
484 2260 526 2289 23
548 2254 755 2290 mehercule
771 2259 809 2288 C:
838 2253 1064 2288 mehercules
1086 2257 1111 2286 P
1130 2265 1172 2286 m.
1189 2264 1247 2296 pr.
1325 2254 1367 2284 24
1395 2251 1487 2285 refe-

131 2307 213 2338 rent
239 2308 271 2338 1:
301 2306 463 2339 referunt
485 2307 540 2337 CP
563 2317 603 2337 m.
625 2315 679 2347 pr.
756 2301 867 2336 surda
895 2301 1105 2346 posteritas,
1133 2299 1234 2334 nulla
1257 2305 1333 2332 tam
1359 2310 1426 2332 om.
1447 2300 1487 2330 V.

132 2357 176 2386 223
204 2352 318 2397 hosti}
346 2352 481 2386 liostim
509 2355 547 2385 V.
