<?xml version="1.0" encoding="UTF-8"?>
<!DOCTYPE html PUBLIC "-//W3C//DTD XHTML 1.0 Transitional//EN"
    "http://www.w3.org/TR/xhtml1/DTD/xhtml1-transitional.dtd">
<html xmlns="http://www.w3.org/1999/xhtml" xml:lang="en" lang="en">
 <head>
  <title>
</title>
<meta http-equiv="Content-Type" content="text/html;charset=utf-8" />
  <meta name='ocr-system' content='tesseract 3.04.00' />
  <meta name='ocr-capabilities' content='ocr_page ocr_carea ocr_par ocr_line ocrx_word'/>
</head>
<body>
  <div class='ocr_page' id='page_1' title='image "./historiaealexand00curtuoft_0256.png"; bbox 0 0 1610 2522; ppageno 0'>
   <div class='ocr_carea' id='block_1_1' title="bbox 97 393 134 422">
    <p class='ocr_par' dir='ltr' id='par_1_1' title="bbox 97 393 134 422">
     <span class='ocr_line' id='line_1_1' title="bbox 97 393 134 422; baseline 0 0"><span class='ocrx_word' id='word_1_1' title='bbox 97 393 134 422; x_wconf 91' lang='lat'><strong>11</strong></span> 
     </span>
    </p>
   </div>
   <div class='ocr_carea' id='block_1_2' title="bbox 96 750 137 780">
    <p class='ocr_par' dir='ltr' id='par_1_2' title="bbox 96 750 137 780">
     <span class='ocr_line' id='line_1_2' title="bbox 96 750 137 780; baseline -0.024 0"><span class='ocrx_word' id='word_1_2' title='bbox 96 750 137 780; x_wconf 84' lang='lat'><strong>13</strong></span> 
     </span>
    </p>
   </div>
   <div class='ocr_carea' id='block_1_3' title="bbox 96 1049 137 1078">
    <p class='ocr_par' dir='ltr' id='par_1_3' title="bbox 96 1049 137 1078">
     <span class='ocr_line' id='line_1_3' title="bbox 96 1049 137 1078; baseline 0 0"><span class='ocrx_word' id='word_1_3' title='bbox 96 1049 137 1078; x_wconf 65' lang='lat'><strong>14</strong></span> 
     </span>
    </p>
   </div>
   <div class='ocr_carea' id='block_1_4' title="bbox 97 1229 137 1257">
    <p class='ocr_par' dir='ltr' id='par_1_4' title="bbox 97 1229 137 1257">
     <span class='ocr_line' id='line_1_4' title="bbox 97 1229 137 1257; baseline 0.025 -1"><span class='ocrx_word' id='word_1_4' title='bbox 97 1229 137 1257; x_wconf 83' lang='lat'><strong>15</strong></span> 
     </span>
    </p>
   </div>
   <div class='ocr_carea' id='block_1_5' title="bbox 99 1407 138 1435">
    <p class='ocr_par' dir='ltr' id='par_1_5' title="bbox 99 1407 138 1435">
     <span class='ocr_line' id='line_1_5' title="bbox 99 1407 138 1435; baseline -0.026 0"><span class='ocrx_word' id='word_1_5' title='bbox 99 1407 138 1435; x_wconf 72' lang='lat'><strong>16</strong></span> 
     </span>
    </p>
   </div>
   <div class='ocr_carea' id='block_1_6' title="bbox 100 1704 140 1733">
    <p class='ocr_par' dir='ltr' id='par_1_6' title="bbox 100 1704 140 1733">
     <span class='ocr_line' id='line_1_6' title="bbox 100 1704 140 1733; baseline 0.025 -1"><span class='ocrx_word' id='word_1_6' title='bbox 100 1704 140 1733; x_wconf 71' lang='lat'><strong>17</strong></span> 
     </span>
    </p>
   </div>
   <div class='ocr_carea' id='block_1_7' title="bbox 167 94 1017 136">
    <p class='ocr_par' dir='ltr' id='par_1_7' title="bbox 167 94 1017 136">
     <span class='ocr_line' id='line_1_7' title="bbox 167 94 1017 136; baseline 0.005 -12"><span class='ocrx_word' id='word_1_7' title='bbox 167 94 251 135; x_wconf 73' lang='lat'><strong>242</strong></span> <span class='ocrx_word' id='word_1_8' title='bbox 669 99 707 136; x_wconf 72' lang='lat' dir='ltr'><strong>o.</strong></span> <span class='ocrx_word' id='word_1_9' title='bbox 737 94 879 128; x_wconf 69' lang='lat' dir='ltr'><strong>orari</strong></span> <span class='ocrx_word' id='word_1_10' title='bbox 908 94 1017 128; x_wconf 67' lang='lat' dir='ltr'><strong>nuri</strong></span> 
     </span>
    </p>
   </div>
   <div class='ocr_carea' id='block_1_8' title="bbox 165 203 1592 1865">
    <p class='ocr_par' dir='ltr' id='par_1_8' title="bbox 165 203 1592 1865">
     <span class='ocr_line' id='line_1_8' title="bbox 166 203 1520 258; baseline 0 -13"><span class='ocrx_word' id='word_1_11' title='bbox 166 204 319 245; x_wconf 88' lang='lat' dir='ltr'><strong>acriter</strong></span> <span class='ocrx_word' id='word_1_12' title='bbox 352 203 500 258; x_wconf 88' lang='lat' dir='ltr'><strong>pedem</strong></span> <span class='ocrx_word' id='word_1_13' title='bbox 535 203 689 244; x_wconf 87' lang='lat' dir='ltr'><strong>inferre</strong></span> <span class='ocrx_word' id='word_1_14' title='bbox 723 208 964 257; x_wconf 90' lang='lat' dir='ltr'><strong>coeperunt.</strong></span> <span class='ocrx_word' id='word_1_15' title='bbox 1016 203 1223 258; x_wconf 87' lang='lat' dir='ltr'><strong>Equitum</strong></span> <span class='ocrx_word' id='word_1_16' title='bbox 1257 204 1407 245; x_wconf 89' lang='lat' dir='ltr'><strong>deinde</strong></span> <span class='ocrx_word' id='word_1_17' title='bbox 1433 206 1520 245; x_wconf 92' lang='lat' dir='ltr'><strong>tur—</strong></span> 
     </span>
     <span class='ocr_line' id='line_1_9' title="bbox 166 262 1519 319; baseline 0 -15"><span class='ocrx_word' id='word_1_18' title='bbox 166 278 268 316; x_wconf 86' lang='lat' dir='ltr'><strong>mae,</strong></span> <span class='ocrx_word' id='word_1_19' title='bbox 308 277 414 317; x_wconf 89' lang='lat' dir='ltr'><strong>quae</strong></span> <span class='ocrx_word' id='word_1_20' title='bbox 446 264 633 304; x_wconf 82' lang='lat' dir='ltr'><strong>frenatos</strong></span> <span class='ocrx_word' id='word_1_21' title='bbox 666 262 881 304; x_wconf 77' lang='lat' dir='ltr'>habebant</span> <span class='ocrx_word' id='word_1_22' title='bbox 913 276 1057 317; x_wconf 79' lang='lat' dir='ltr'><strong>equOS‚</strong></span> <span class='ocrx_word' id='word_1_23' title='bbox 1099 264 1340 319; x_wconf 84' lang='lat' dir='ltr'><strong>perfregere</strong></span> <span class='ocrx_word' id='word_1_24' title='bbox 1372 262 1519 304; x_wconf 85' lang='lat' dir='ltr'><strong>barba-</strong></span> 
     </span>
     <span class='ocr_line' id='line_1_10' title="bbox 167 321 1518 378; baseline 0 -15"><span class='ocrx_word' id='word_1_25' title='bbox 167 338 310 363; x_wconf 86' lang='lat' dir='ltr'><strong>rorum</strong></span> <span class='ocrx_word' id='word_1_26' title='bbox 344 322 488 363; x_wconf 84' lang='lat' dir='ltr'><strong>aciem.</strong></span> <span class='ocrx_word' id='word_1_27' title='bbox 539 321 715 364; x_wconf 79' lang='lat' dir='ltr'><strong>Interim</strong></span> <span class='ocrx_word' id='word_1_28' title='bbox 745 323 873 363; x_wconf 87' lang='lat' dir='ltr'><strong>ceteri</strong></span> <span class='ocrx_word' id='word_1_29' title='bbox 901 323 1068 378; x_wconf 80' lang='lat' dir='ltr'><strong>agmine</strong></span> <span class='ocrx_word' id='word_1_30' title='bbox 1096 323 1391 364; x_wconf 79' lang='lat' dir='ltr'>dimicantium</span> <span class='ocrx_word' id='word_1_31' title='bbox 1417 323 1518 364; x_wconf 90' lang='lat' dir='ltr'><strong>tecti</strong></span> 
     </span>
     <span class='ocr_line' id='line_1_11' title="bbox 166 381 1519 437; baseline 0.001 -15"><span class='ocrx_word' id='word_1_32' title='bbox 166 385 363 436; x_wconf 83' lang='lat' dir='ltr'><strong>aptavere</strong></span> <span class='ocrx_word' id='word_1_33' title='bbox 396 397 439 422; x_wconf 85' lang='lat' dir='ltr'><strong>se</strong></span> <span class='ocrx_word' id='word_1_34' title='bbox 471 396 649 437; x_wconf 83' lang='lat' dir='ltr'><strong>pugnae.</strong></span> <span class='ocrx_word' id='word_1_35' title='bbox 704 381 799 435; x_wconf 89' lang='lat' dir='ltr'><strong>Ipse</strong></span> <span class='ocrx_word' id='word_1_36' title='bbox 833 397 918 435; x_wconf 84' lang='lat' dir='ltr'><strong>rex,</strong></span> <span class='ocrx_word' id='word_1_37' title='bbox 951 382 1064 436; x_wconf 85' lang='lat' dir='ltr'><strong>quod</strong></span> <span class='ocrx_word' id='word_1_38' title='bbox 1097 382 1258 437; x_wconf 79' lang='lat' dir='ltr'><strong>vigoris</strong></span> <span class='ocrx_word' id='word_1_39' title='bbox 1291 396 1417 437; x_wconf 85' lang='lat' dir='ltr'><strong>aegro</strong></span> <span class='ocrx_word' id='word_1_40' title='bbox 1451 382 1519 423; x_wconf 85' lang='lat' dir='ltr'><strong>ad-</strong></span> 
     </span>
     <span class='ocr_line' id='line_1_12' title="bbox 167 440 1574 496; baseline 0.001 -14"><span class='ocrx_word' id='word_1_41' title='bbox 167 441 249 483; x_wconf 89' lang='lat' dir='ltr'><strong>huc</strong></span> <span class='ocrx_word' id='word_1_42' title='bbox 294 441 461 496; x_wconf 76' lang='lat' dir='ltr'><strong>corpori</strong></span> <span class='ocrx_word' id='word_1_43' title='bbox 507 441 668 494; x_wconf 78' lang='lat' dir='ltr'><strong>deerat,</strong></span> <span class='ocrx_word' id='word_1_44' title='bbox 712 441 842 482; x_wconf 86' lang='lat' dir='ltr'><strong>animi</strong></span> <span class='ocrx_word' id='word_1_45' title='bbox 887 441 1091 482; x_wconf 87' lang='lat' dir='ltr'><strong>firmitate</strong></span> <span class='ocrx_word' id='word_1_46' title='bbox 1124 441 1361 496; x_wconf 79' lang='lat' dir='ltr'><strong>supplebat.</strong></span> <span class='ocrx_word' id='word_1_47' title='bbox 1424 440 1519 482; x_wconf 84' lang='lat' dir='ltr'><strong>Vox</strong></span> <span class='ocrx_word' id='word_1_48' title='bbox 1560 459 1574 483; x_wconf 81' lang='lat'>5</span> 
     </span>
     <span class='ocr_line' id='line_1_13' title="bbox 166 500 1522 554; baseline 0 -13"><span class='ocrx_word' id='word_1_49' title='bbox 166 501 432 542; x_wconf 77' lang='lat' dir='ltr'><strong>adhortantis</strong></span> <span class='ocrx_word' id='word_1_50' title='bbox 478 515 563 541; x_wconf 90' lang='lat' dir='ltr'><strong>non</strong></span> <span class='ocrx_word' id='word_1_51' title='bbox 609 504 778 554; x_wconf 89' lang='lat' dir='ltr'><strong>poterat</strong></span> <span class='ocrx_word' id='word_1_52' title='bbox 810 500 943 541; x_wconf 91' lang='lat' dir='ltr'><strong>audiri</strong></span> <span class='ocrx_word' id='word_1_53' title='bbox 978 501 1166 542; x_wconf 90' lang='lat' dir='ltr'><strong>nondum</strong></span> <span class='ocrx_word' id='word_1_54' title='bbox 1201 502 1306 542; x_wconf 84' lang='lat' dir='ltr'><strong>bene</strong></span> <span class='ocrx_word' id='word_1_55' title='bbox 1340 500 1522 542; x_wconf 83' lang='lat' dir='ltr'><strong>obducta</strong></span> 
     </span>
     <span class='ocr_line' id='line_1_14' title="bbox 167 559 1520 614; baseline 0 -13"><span class='ocrx_word' id='word_1_56' title='bbox 167 560 361 602; x_wconf 75' lang='lat' dir='ltr'><strong>cicatrice</strong></span> <span class='ocrx_word' id='word_1_57' title='bbox 389 561 576 614; x_wconf 76' lang='lat' dir='ltr'><strong>cervicis,</strong></span> <span class='ocrx_word' id='word_1_58' title='bbox 610 560 682 601; x_wconf 89' lang='lat' dir='ltr'><strong>sed</strong></span> <span class='ocrx_word' id='word_1_59' title='bbox 709 560 980 601; x_wconf 82' lang='lat' dir='ltr'><strong>dimicantem</strong></span> <span class='ocrx_word' id='word_1_60' title='bbox 1010 561 1151 602; x_wconf 84' lang='lat' dir='ltr'><strong>cuncti</strong></span> <span class='ocrx_word' id='word_1_61' title='bbox 1179 560 1385 601; x_wconf 87' lang='lat' dir='ltr'><strong>videbant.</strong></span> <span class='ocrx_word' id='word_1_62' title='bbox 1440 559 1520 601; x_wconf 89' lang='lat' dir='ltr'><strong>Ita-</strong></span> 
     </span>
     <span class='ocr_line' id='line_1_15' title="bbox 167 619 1521 675; baseline -0.001 -14"><span class='ocrx_word' id='word_1_63' title='bbox 167 635 247 674; x_wconf 86' lang='lat' dir='ltr'><strong>que</strong></span> <span class='ocrx_word' id='word_1_64' title='bbox 290 620 368 674; x_wconf 88' lang='lat' dir='ltr'><strong>ipsi</strong></span> <span class='ocrx_word' id='word_1_65' title='bbox 417 619 585 674; x_wconf 89' lang='lat' dir='ltr'><strong>quidem</strong></span> <span class='ocrx_word' id='word_1_66' title='bbox 633 619 787 661; x_wconf 88' lang='lat' dir='ltr'><strong>ducum</strong></span> <span class='ocrx_word' id='word_1_67' title='bbox 825 620 1113 675; x_wconf 83' lang='lat' dir='ltr'><strong>fungebantur</strong></span> <span class='ocrx_word' id='word_1_68' title='bbox 1154 619 1295 661; x_wconf 84' lang='lat' dir='ltr'><strong>officio</strong></span> <span class='ocrx_word' id='word_1_69' title='bbox 1330 621 1521 673; x_wconf 89' lang='lat' dir='ltr'><strong>aliusque</strong></span> 
     </span>
     <span class='ocr_line' id='line_1_16' title="bbox 166 679 1521 721; baseline -0.001 -1"><span class='ocrx_word' id='word_1_70' title='bbox 166 680 296 721; x_wconf 89' lang='lat' dir='ltr'><strong>alium</strong></span> <span class='ocrx_word' id='word_1_71' title='bbox 344 679 557 720; x_wconf 86' lang='lat' dir='ltr'><strong>adhortati</strong></span> <span class='ocrx_word' id='word_1_72' title='bbox 607 679 649 719; x_wconf 91' lang='lat' dir='ltr'><strong>in</strong></span> <span class='ocrx_word' id='word_1_73' title='bbox 694 679 862 720; x_wconf 84' lang='lat' dir='ltr'><strong>hostem</strong></span> <span class='ocrx_word' id='word_1_74' title='bbox 907 679 1057 720; x_wconf 88' lang='lat' dir='ltr'><strong>salutis</strong></span> <span class='ocrx_word' id='word_1_75' title='bbox 1102 680 1357 721; x_wconf 71' lang='lat' dir='ltr'><strong>inmemores</strong></span> <span class='ocrx_word' id='word_1_76' title='bbox 1401 694 1521 720; x_wconf 91' lang='lat' dir='ltr'><strong>ruere</strong></span> 
     </span>
     <span class='ocr_line' id='line_1_17' title="bbox 167 738 1576 793; baseline 0.001 -14"><span class='ocrx_word' id='word_1_77' title='bbox 167 742 409 793; x_wconf 86' lang='lat' dir='ltr'><strong>coeperunt.</strong></span> <span class='ocrx_word' id='word_1_78' title='bbox 474 738 581 779; x_wconf 90' lang='lat' dir='ltr'><strong>Tum</strong></span> <span class='ocrx_word' id='word_1_79' title='bbox 615 753 714 779; x_wconf 85' lang='lat' dir='ltr'><strong>vero</strong></span> <span class='ocrx_word' id='word_1_80' title='bbox 747 754 831 779; x_wconf 91' lang='lat' dir='ltr'><strong>non</strong></span> <span class='ocrx_word' id='word_1_81' title='bbox 865 754 949 790; x_wconf 82' lang='lat' dir='ltr'><strong>ora,</strong></span> <span class='ocrx_word' id='word_1_82' title='bbox 983 754 1065 779; x_wconf 86' lang='lat' dir='ltr'><strong>non</strong></span> <span class='ocrx_word' id='word_1_83' title='bbox 1097 754 1224 793; x_wconf 83' lang='lat' dir='ltr'><strong>arma,</strong></span> <span class='ocrx_word' id='word_1_84' title='bbox 1256 754 1342 780; x_wconf 92' lang='lat' dir='ltr'><strong>non</strong></span> <span class='ocrx_word' id='word_1_85' title='bbox 1368 740 1521 780; x_wconf 89' lang='lat' dir='ltr'><strong>clamo·</strong></span> <span class='ocrx_word' id='word_1_86' title='bbox 1542 756 1576 781; x_wconf 85' lang='grc' dir='ltr'><strong>ιο</strong></span> 
     </span>
     <span class='ocr_line' id='line_1_18' title="bbox 165 797 1521 852; baseline -0.001 -13"><span class='ocrx_word' id='word_1_87' title='bbox 165 814 251 839; x_wconf 90' lang='lat' dir='ltr'><strong>rem</strong></span> <span class='ocrx_word' id='word_1_88' title='bbox 280 798 469 839; x_wconf 86' lang='lat' dir='ltr'><strong>hostium</strong></span> <span class='ocrx_word' id='word_1_89' title='bbox 498 798 667 839; x_wconf 89' lang='lat' dir='ltr'><strong>barbari</strong></span> <span class='ocrx_word' id='word_1_90' title='bbox 695 800 874 839; x_wconf 87' lang='lat' dir='ltr'><strong>tolerare</strong></span> <span class='ocrx_word' id='word_1_91' title='bbox 900 801 1133 852; x_wconf 88' lang='lat' dir='ltr'><strong>potuerunt</strong></span> <span class='ocrx_word' id='word_1_92' title='bbox 1159 813 1392 852; x_wconf 88' lang='lat' dir='ltr'><strong>omnesque</strong></span> <span class='ocrx_word' id='word_1_93' title='bbox 1420 797 1521 839; x_wconf 89' lang='lat' dir='ltr'><strong>effu-</strong></span> 
     </span>
     <span class='ocr_line' id='line_1_19' title="bbox 165 858 1521 912; baseline -0.001 -13"><span class='ocrx_word' id='word_1_94' title='bbox 165 859 222 899; x_wconf 85' lang='lat' dir='ltr'><strong>sis</strong></span> <span class='ocrx_word' id='word_1_95' title='bbox 255 858 433 899; x_wconf 82' lang='lat' dir='ltr'><strong>habenis</strong></span> <span class='ocrx_word' id='word_1_96' title='bbox 467 883 523 887; x_wconf 89' lang='lat'>—</span> <span class='ocrx_word' id='word_1_97' title='bbox 555 872 739 912; x_wconf 88' lang='lat' dir='ltr'><strong>namque</strong></span> <span class='ocrx_word' id='word_1_98' title='bbox 779 859 987 912; x_wconf 90' lang='lat' dir='ltr'><strong>equestris</strong></span> <span class='ocrx_word' id='word_1_99' title='bbox 1027 858 1136 900; x_wconf 88' lang='lat' dir='ltr'><strong>acies</strong></span> <span class='ocrx_word' id='word_1_100' title='bbox 1170 861 1260 899; x_wconf 86' lang='lat' dir='ltr'><strong>erat</strong></span> <span class='ocrx_word' id='word_1_101' title='bbox 1290 883 1347 887; x_wconf 85' lang='lat'><strong>—-</strong></span> <span class='ocrx_word' id='word_1_102' title='bbox 1381 871 1521 912; x_wconf 87' lang='lat' dir='ltr'><strong>capes-</strong></span> 
     </span>
     <span class='ocr_line' id='line_1_20' title="bbox 167 916 1523 973; baseline 0 -15"><span class='ocrx_word' id='word_1_103' title='bbox 167 920 266 959; x_wconf 88' lang='lat' dir='ltr'><strong>sunt</strong></span> <span class='ocrx_word' id='word_1_104' title='bbox 297 918 454 973; x_wconf 77' lang='lat' dir='ltr'><strong>fugam.</strong></span> <span class='ocrx_word' id='word_1_105' title='bbox 507 916 621 966; x_wconf 80' lang='lat' dir='ltr'><strong>Quos</strong></span> <span class='ocrx_word' id='word_1_106' title='bbox 648 932 734 970; x_wconf 83' lang='lat' dir='ltr'><strong>rex,</strong></span> <span class='ocrx_word' id='word_1_107' title='bbox 767 932 1025 971; x_wconf 88' lang='lat' dir='ltr'><strong>quamquam</strong></span> <span class='ocrx_word' id='word_1_108' title='bbox 1052 918 1320 959; x_wconf 77' lang='lat' dir='ltr'><strong>vexationem</strong></span> <span class='ocrx_word' id='word_1_109' title='bbox 1348 917 1523 958; x_wconf 85' lang='lat' dir='ltr'><strong>invalidi</strong></span> 
     </span>
     <span class='ocr_line' id='line_1_21' title="bbox 167 976 1522 1043; baseline -0.001 -25"><span class='ocrx_word' id='word_1_110' title='bbox 167 976 357 1043; x_wconf 83' lang='lat' dir='ltr'><strong>corporis</strong></span> <span class='ocrx_word' id='word_1_111' title='bbox 390 977 479 1031; x_wconf 91' lang='lat' dir='ltr'><strong>pati</strong></span> <span class='ocrx_word' id='word_1_112' title='bbox 511 991 598 1018; x_wconf 91' lang='lat' dir='ltr'><strong>non</strong></span> <span class='ocrx_word' id='word_1_113' title='bbox 631 980 812 1031; x_wconf 84' lang='lat' dir='ltr'><strong>poter,at</strong></span> <span class='ocrx_word' id='word_1_114' title='bbox 852 991 928 1031; x_wconf 88' lang='lat' dir='ltr'><strong>per</strong></span> <span class='ocrx_word' id='word_1_115' title='bbox 962 989 1088 1018; x_wconf 80' lang='lat' dir='ltr'><strong>lxxx</strong></span> <span class='ocrx_word' id='word_1_116' title='bbox 1120 981 1261 1018; x_wconf 88' lang='lat' dir='ltr'><strong>tamen</strong></span> <span class='ocrx_word' id='word_1_117' title='bbox 1294 977 1430 1018; x_wconf 89' lang='lat' dir='ltr'><strong>stadia</strong></span> <span class='ocrx_word' id='word_1_118' title='bbox 1462 976 1522 1017; x_wconf 91' lang='lat' dir='ltr'><strong>in-</strong></span> 
     </span>
     <span class='ocr_line' id='line_1_22' title="bbox 166 1036 1575 1092; baseline 0.001 -15"><span class='ocrx_word' id='word_1_119' title='bbox 166 1037 286 1092; x_wconf 90' lang='lat' dir='ltr'><strong>sequi</strong></span> <span class='ocrx_word' id='word_1_120' title='bbox 320 1037 616 1090; x_wconf 55' lang='lat' dir='ltr'><strong>per-severant.</strong></span> <span class='ocrx_word' id='word_1_121' title='bbox 668 1036 843 1090; x_wconf 89' lang='lat' dir='ltr'><strong>Iamque</strong></span> <span class='ocrx_word' id='word_1_122' title='bbox 874 1036 1094 1091; x_wconf 83' lang='lat' dir='ltr'><strong>linquente</strong></span> <span class='ocrx_word' id='word_1_123' title='bbox 1123 1037 1264 1078; x_wconf 90' lang='lat' dir='ltr'><strong>animo</strong></span> <span class='ocrx_word' id='word_1_124' title='bbox 1291 1036 1380 1077; x_wconf 89' lang='lat' dir='ltr'><strong>suis</strong></span> <span class='ocrx_word' id='word_1_125' title='bbox 1407 1050 1522 1091; x_wconf 89' lang='lat' dir='ltr'><strong>prae·</strong></span> <span class='ocrx_word' id='word_1_126' title='bbox 1543 1052 1575 1078; x_wconf 70' lang='grc' dir='ltr'><strong>ιε</strong></span> 
     </span>
     <span class='ocr_line' id='line_1_23' title="bbox 166 1095 1523 1151; baseline -0.001 -13"><span class='ocrx_word' id='word_1_127' title='bbox 166 1097 295 1150; x_wconf 87' lang='lat' dir='ltr'><strong>cepit,</strong></span> <span class='ocrx_word' id='word_1_128' title='bbox 340 1099 405 1149; x_wconf 84' lang='lat' dir='ltr'><strong>ut,</strong></span> <span class='ocrx_word' id='word_1_129' title='bbox 451 1096 583 1137; x_wconf 90' lang='lat' dir='ltr'><strong>donec</strong></span> <span class='ocrx_word' id='word_1_130' title='bbox 620 1097 729 1138; x_wconf 89' lang='lat' dir='ltr'><strong>lucis</strong></span> <span class='ocrx_word' id='word_1_131' title='bbox 771 1096 932 1150; x_wconf 90' lang='lat' dir='ltr'><strong>aliquid</strong></span> <span class='ocrx_word' id='word_1_132' title='bbox 966 1099 1222 1150; x_wconf 86' lang='lat' dir='ltr'><strong>supe1·,esset</strong></span> <span class='ocrx_word' id='word_1_133' title='bbox 1266 1095 1523 1151; x_wconf 87' lang='lat' dir='ltr'><strong>fugientium</strong></span> 
     </span>
     <span class='ocr_line' id='line_1_24' title="bbox 166 1155 1522 1210; baseline -0.001 -13"><span class='ocrx_word' id='word_1_134' title='bbox 166 1156 298 1209; x_wconf 81' lang='lat' dir='ltr'><strong>tergis</strong></span> <span class='ocrx_word' id='word_1_135' title='bbox 331 1155 615 1196; x_wconf 81' lang='lat' dir='ltr'><strong>inhaererent:</strong></span> <span class='ocrx_word' id='word_1_136' title='bbox 657 1156 746 1210; x_wconf 87' lang='lat' dir='ltr'><strong>ipse</strong></span> <span class='ocrx_word' id='word_1_137' title='bbox 785 1156 1003 1196; x_wconf 80' lang='lat' dir='ltr'><strong>exhaustis</strong></span> <span class='ocrx_word' id='word_1_138' title='bbox 1037 1157 1164 1196; x_wconf 88' lang='lat' dir='ltr'><strong>etiam</strong></span> <span class='ocrx_word' id='word_1_139' title='bbox 1198 1155 1326 1196; x_wconf 91' lang='lat' dir='ltr'><strong>animi</strong></span> <span class='ocrx_word' id='word_1_140' title='bbox 1360 1155 1522 1196; x_wconf 81' lang='lat' dir='ltr'><strong>viribus</strong></span> 
     </span>
     <span class='ocr_line' id='line_1_25' title="bbox 166 1215 1519 1269; baseline -0.001 -13"><span class='ocrx_word' id='word_1_141' title='bbox 166 1216 209 1256; x_wconf 91' lang='lat' dir='ltr'><strong>in</strong></span> <span class='ocrx_word' id='word_1_142' title='bbox 243 1218 381 1257; x_wconf 86' lang='lat' dir='ltr'><strong>castra</strong></span> <span class='ocrx_word' id='word_1_143' title='bbox 420 1230 463 1256; x_wconf 92' lang='lat' dir='ltr'><strong>se</strong></span> <span class='ocrx_word' id='word_1_144' title='bbox 496 1215 655 1269; x_wconf 87' lang='lat' dir='ltr'><strong>recepit</strong></span> <span class='ocrx_word' id='word_1_145' title='bbox 688 1215 832 1269; x_wconf 90' lang='lat' dir='ltr'><strong>ibique</strong></span> <span class='ocrx_word' id='word_1_146' title='bbox 866 1215 1069 1256; x_wconf 82' lang='lat' dir='ltr'><strong>substitit.</strong></span> <span class='ocrx_word' id='word_1_147' title='bbox 1133 1215 1406 1256; x_wconf 87' lang='lat' dir='ltr'><strong>Transierant</strong></span> <span class='ocrx_word' id='word_1_148' title='bbox 1439 1215 1519 1255; x_wconf 88' lang='lat' dir='ltr'><strong>iam</strong></span> 
     </span>
     <span class='ocr_line' id='line_1_26' title="bbox 167 1274 1522 1328; baseline -0.001 -13"><span class='ocrx_word' id='word_1_149' title='bbox 167 1275 311 1316; x_wconf 88' lang='lat' dir='ltr'><strong>Liberi</strong></span> <span class='ocrx_word' id='word_1_150' title='bbox 354 1274 495 1316; x_wconf 88' lang='lat' dir='ltr'><strong>Patris</strong></span> <span class='ocrx_word' id='word_1_151' title='bbox 540 1275 763 1328; x_wconf 87' lang='lat' dir='ltr'><strong>terminos,</strong></span> <span class='ocrx_word' id='word_1_152' title='bbox 817 1289 998 1328; x_wconf 86' lang='lat' dir='ltr'><strong>quorum</strong></span> <span class='ocrx_word' id='word_1_153' title='bbox 1042 1278 1316 1316; x_wconf 87' lang='lat' dir='ltr'><strong>monumenta</strong></span> <span class='ocrx_word' id='word_1_154' title='bbox 1360 1274 1522 1328; x_wconf 87' lang='lat' dir='ltr'><strong>lapides</strong></span> 
     </span>
     <span class='ocr_line' id='line_1_27' title="bbox 167 1334 1577 1388; baseline -0.001 -13"><span class='ocrx_word' id='word_1_155' title='bbox 167 1338 287 1375; x_wconf 87' lang='lat' dir='ltr'><strong>erant</strong></span> <span class='ocrx_word' id='word_1_156' title='bbox 325 1334 481 1375; x_wconf 78' lang='lat' dir='ltr'><strong>crebris</strong></span> <span class='ocrx_word' id='word_1_157' title='bbox 520 1335 755 1375; x_wconf 78' lang='lat' dir='ltr'><strong>intervallis</strong></span> <span class='ocrx_word' id='word_1_158' title='bbox 794 1335 991 1388; x_wconf 85' lang='lat' dir='ltr'><strong>dispositi</strong></span> <span class='ocrx_word' id='word_1_159' title='bbox 1025 1334 1279 1387; x_wconf 87' lang='lat' dir='ltr'><strong>arboresque</strong></span> <span class='ocrx_word' id='word_1_160' title='bbox 1312 1348 1522 1388; x_wconf 87' lang='lat' dir='ltr'><strong>procerae,</strong></span> <span class='ocrx_word' id='word_1_161' title='bbox 1544 1349 1577 1375; x_wconf 74' lang='lat'><strong>20</strong></span> 
     </span>
     <span class='ocr_line' id='line_1_28' title="bbox 167 1392 1522 1449; baseline -0.001 -13"><span class='ocrx_word' id='word_1_162' title='bbox 167 1409 345 1448; x_wconf 90' lang='lat' dir='ltr'><strong>quarum</strong></span> <span class='ocrx_word' id='word_1_163' title='bbox 380 1394 546 1449; x_wconf 87' lang='lat' dir='ltr'><strong>stipites</strong></span> <span class='ocrx_word' id='word_1_164' title='bbox 585 1393 739 1435; x_wconf 89' lang='lat' dir='ltr'><strong>hedera</strong></span> <span class='ocrx_word' id='word_1_165' title='bbox 767 1397 1023 1436; x_wconf 75' lang='lat' dir='ltr'><strong>contexerat.</strong></span> <span class='ocrx_word' id='word_1_166' title='bbox 1075 1392 1157 1435; x_wconf 87' lang='lat' dir='ltr'><strong>Sed</strong></span> <span class='ocrx_word' id='word_1_167' title='bbox 1177 1393 1430 1434; x_wconf 87' lang='lat' dir='ltr'><strong>Macedonas</strong></span> <span class='ocrx_word' id='word_1_168' title='bbox 1460 1393 1522 1434; x_wconf 87' lang='lat' dir='ltr'><strong>ira</strong></span> 
     </span>
     <span class='ocr_line' id='line_1_29' title="bbox 167 1453 1522 1510; baseline -0.001 -15"><span class='ocrx_word' id='word_1_169' title='bbox 167 1455 335 1510; x_wconf 83' lang='lat' dir='ltr'><strong>longius</strong></span> <span class='ocrx_word' id='word_1_170' title='bbox 380 1453 593 1507; x_wconf 82' lang='lat' dir='ltr'><strong>provexit:</strong></span> <span class='ocrx_word' id='word_1_171' title='bbox 640 1454 798 1508; x_wconf 88' lang='lat' dir='ltr'><strong>quippe</strong></span> <span class='ocrx_word' id='word_1_172' title='bbox 843 1453 980 1494; x_wconf 87' lang='lat' dir='ltr'><strong>media</strong></span> <span class='ocrx_word' id='word_1_173' title='bbox 1022 1453 1109 1494; x_wconf 88' lang='lat' dir='ltr'><strong>fere</strong></span> <span class='ocrx_word' id='word_1_174' title='bbox 1141 1456 1266 1494; x_wconf 86' lang='lat' dir='ltr'><strong>nocte</strong></span> <span class='ocrx_word' id='word_1_175' title='bbox 1309 1453 1351 1494; x_wconf 93' lang='lat' dir='ltr'><strong>in</strong></span> <span class='ocrx_word' id='word_1_176' title='bbox 1384 1456 1522 1494; x_wconf 84' lang='lat' dir='ltr'><strong>castra</strong></span> 
     </span>
     <span class='ocr_line' id='line_1_30' title="bbox 166 1512 1523 1567; baseline -0.001 -13"><span class='ocrx_word' id='word_1_177' title='bbox 166 1514 381 1554; x_wconf 88' lang='lat' dir='ltr'><strong>redierunt</strong></span> <span class='ocrx_word' id='word_1_178' title='bbox 424 1512 572 1554; x_wconf 68' lang='lat' dir='ltr'><strong>multis</strong></span> <span class='ocrx_word' id='word_1_179' title='bbox 617 1513 871 1565; x_wconf 81' lang='lat' dir='ltr'><strong>interfectis,</strong></span> <span class='ocrx_word' id='word_1_180' title='bbox 915 1512 1108 1567; x_wconf 89' lang='lat' dir='ltr'><strong>pluribus</strong></span> <span class='ocrx_word' id='word_1_181' title='bbox 1141 1514 1275 1567; x_wconf 84' lang='lat' dir='ltr'><strong>captis</strong></span> <span class='ocrx_word' id='word_1_182' title='bbox 1308 1526 1523 1566; x_wconf 89' lang='lat' dir='ltr'><strong>equosque</strong></span> 
     </span>
     <span class='ocr_line' id='line_1_31' title="bbox 168 1571 1519 1627; baseline -0.001 -13"><span class='ocrx_word' id='word_1_183' title='bbox 168 1585 198 1613; x_wconf 77' lang='lat' dir='ltr'>M</span> <span class='ocrx_word' id='word_1_184' title='bbox 245 1576 286 1614; x_wconf 91' lang='lat' dir='ltr'><strong>et</strong></span> <span class='ocrx_word' id='word_1_185' title='bbox 329 1583 446 1613; x_wconf 80' lang='lat' dir='ltr'>DCCC</span> <span class='ocrx_word' id='word_1_186' title='bbox 492 1572 682 1627; x_wconf 86' lang='lat' dir='ltr'><strong>abegere.</strong></span> <span class='ocrx_word' id='word_1_187' title='bbox 759 1571 1010 1613; x_wconf 83' lang='lat' dir='ltr'><strong>Ceciderunt</strong></span> <span class='ocrx_word' id='word_1_188' title='bbox 1055 1576 1197 1613; x_wconf 90' lang='lat' dir='ltr'><strong>autem</strong></span> <span class='ocrx_word' id='word_1_189' title='bbox 1242 1571 1519 1613; x_wconf 84' lang='lat' dir='ltr'><strong>Macedonum</strong></span> 
     </span>
     <span class='ocr_line' id='line_1_32' title="bbox 167 1631 1574 1686; baseline -0.001 -13"><span class='ocrx_word' id='word_1_190' title='bbox 167 1633 329 1686; x_wconf 88' lang='lat' dir='ltr'><strong>equites</strong></span> <span class='ocrx_word' id='word_1_191' title='bbox 364 1644 437 1685; x_wconf 77' lang='lat' dir='ltr'><strong>Lx,</strong></span> <span class='ocrx_word' id='word_1_192' title='bbox 469 1631 634 1686; x_wconf 90' lang='lat' dir='ltr'><strong>pedites</strong></span> <span class='ocrx_word' id='word_1_193' title='bbox 669 1643 693 1672; x_wconf 83' lang='lat' dir='ltr'><strong>c</strong></span> <span class='ocrx_word' id='word_1_194' title='bbox 725 1632 824 1686; x_wconf 82' lang='lat' dir='ltr'><strong>fere,</strong></span> <span class='ocrx_word' id='word_1_195' title='bbox 857 1643 891 1672; x_wconf 78' lang='lat' dir='ltr'>M</span> <span class='ocrx_word' id='word_1_196' title='bbox 925 1632 1056 1673; x_wconf 85' lang='lat' dir='ltr'><strong>saucii</strong></span> <span class='ocrx_word' id='word_1_197' title='bbox 1087 1632 1270 1672; x_wconf 87' lang='lat' dir='ltr'><strong>fuerunt.</strong></span> <span class='ocrx_word' id='word_1_198' title='bbox 1542 1646 1574 1672; x_wconf 77' lang='lat'><strong>25</strong></span> 
     </span>
     <span class='ocr_line' id='line_1_33' title="bbox 258 1690 1592 1746; baseline -0.002 -14"><span class='ocrx_word' id='word_1_199' title='bbox 258 1691 373 1732; x_wconf 88' lang='lat' dir='ltr'><strong>Haec</strong></span> <span class='ocrx_word' id='word_1_200' title='bbox 407 1691 621 1745; x_wconf 83' lang='lat' dir='ltr'><strong>expeditio</strong></span> <span class='ocrx_word' id='word_1_201' title='bbox 656 1692 922 1732; x_wconf 85' lang='lat' dir='ltr'><strong>deficientem</strong></span> <span class='ocrx_word' id='word_1_202' title='bbox 955 1706 1109 1746; x_wconf 79' lang='lat' dir='ltr'><strong>magna</strong></span> <span class='ocrx_word' id='word_1_203' title='bbox 1141 1706 1190 1732; x_wconf 79' lang='lat' dir='ltr'><strong>ex</strong></span> <span class='ocrx_word' id='word_1_204' title='bbox 1224 1694 1343 1745; x_wconf 90' lang='lat' dir='ltr'><strong>parte</strong></span> <span class='ocrx_word' id='word_1_205' title='bbox 1376 1690 1522 1731; x_wconf 89' lang='lat' dir='ltr'><strong>Asiam</strong></span> <span class='ocrx_word' id='word_1_206' title='bbox 1543 1692 1592 1728; x_wconf 76' lang='lat'><strong>38</strong></span> 
     </span>
     <span class='ocr_line' id='line_1_34' title="bbox 166 1748 1522 1805; baseline -0.001 -13"><span class='ocrx_word' id='word_1_207' title='bbox 166 1752 279 1792; x_wconf 83' lang='lat' dir='ltr'><strong>fama</strong></span> <span class='ocrx_word' id='word_1_208' title='bbox 311 1754 399 1792; x_wconf 89' lang='lat' dir='ltr'><strong>tam</strong></span> <span class='ocrx_word' id='word_1_209' title='bbox 433 1755 700 1805; x_wconf 90' lang='lat' dir='ltr'><strong>opportunae</strong></span> <span class='ocrx_word' id='word_1_210' title='bbox 733 1750 935 1792; x_wconf 85' lang='lat' dir='ltr'><strong>victoriae</strong></span> <span class='ocrx_word' id='word_1_211' title='bbox 969 1751 1143 1791; x_wconf 88' lang='lat' dir='ltr'><strong>domuit.</strong></span> <span class='ocrx_word' id='word_1_212' title='bbox 1201 1749 1388 1791; x_wconf 84' lang='lat' dir='ltr'><strong>Invictos</strong></span> <span class='ocrx_word' id='word_1_213' title='bbox 1423 1748 1522 1803; x_wconf 82' lang='lat' dir='ltr'><strong>Scy-</strong></span> 
     </span>
     <span class='ocr_line' id='line_1_35' title="bbox 166 1810 1520 1865; baseline -0.001 -14"><span class='ocrx_word' id='word_1_214' title='bbox 166 1810 262 1851; x_wconf 90' lang='lat' dir='ltr'><strong>thas</strong></span> <span class='ocrx_word' id='word_1_215' title='bbox 301 1825 391 1853; x_wconf 89' lang='lat' dir='ltr'><strong>esse</strong></span> <span class='ocrx_word' id='word_1_216' title='bbox 431 1810 714 1851; x_wconf 85' lang='lat' dir='ltr'><strong>crediderant:</strong></span> <span class='ocrx_word' id='word_1_217' title='bbox 764 1810 918 1864; x_wconf 87' lang='lat' dir='ltr'><strong>quibus</strong></span> <span class='ocrx_word' id='word_1_218' title='bbox 966 1810 1112 1851; x_wconf 87' lang='lat' dir='ltr'><strong>fractis</strong></span> <span class='ocrx_word' id='word_1_219' title='bbox 1150 1811 1313 1851; x_wconf 88' lang='lat' dir='ltr'><strong>nullam</strong></span> <span class='ocrx_word' id='word_1_220' title='bbox 1352 1811 1520 1865; x_wconf 86' lang='lat' dir='ltr'><strong>gentem</strong></span> 
     </span>
    </p>
   </div>
   <div class='ocr_carea' id='block_1_9' title="bbox 172 1889 295 1892">
    <p class='ocr_par' dir='ltr' id='par_1_9' title="bbox 172 1889 295 1892">
     <span class='ocr_line' id='line_1_36' title="bbox 172 1889 295 1892; baseline 0 0"><span class='ocrx_word' id='word_1_221' title='bbox 172 1889 295 1892; x_wconf 95' lang='lat' dir='ltr'><strong> </strong></span> 
     </span>
    </p>
   </div>
   <div class='ocr_carea' id='block_1_10' title="bbox 167 1926 1522 2351">
    <p class='ocr_par' dir='ltr' id='par_1_10' title="bbox 167 1926 1522 2351">
     <span class='ocr_line' id='line_1_37' title="bbox 265 1926 1520 1971; baseline -0.002 -11"><span class='ocrx_word' id='word_1_222' title='bbox 265 1932 281 1960; x_wconf 90' lang='lat'>1</span> <span class='ocrx_word' id='word_1_223' title='bbox 311 1927 527 1971; x_wconf 82' lang='lat' dir='ltr'><strong>coeperunt]</strong></span> <span class='ocrx_word' id='word_1_224' title='bbox 555 1929 733 1970; x_wconf 88' lang='lat' dir='ltr'><strong>ceperunt</strong></span> <span class='ocrx_word' id='word_1_225' title='bbox 759 1931 794 1960; x_wconf 88' lang='lat' dir='ltr'><strong>P.</strong></span> <span class='ocrx_word' id='word_1_226' title='bbox 901 1930 919 1960; x_wconf 89' lang='lat'><strong>3</strong></span> <span class='ocrx_word' id='word_1_227' title='bbox 947 1926 1114 1971; x_wconf 78' lang='lat' dir='ltr'><strong>Interim]</strong></span> <span class='ocrx_word' id='word_1_228' title='bbox 1142 1928 1178 1960; x_wconf 84' lang='lat' dir='ltr'><strong>ct</strong></span> <span class='ocrx_word' id='word_1_229' title='bbox 1205 1926 1353 1960; x_wconf 89' lang='lat' dir='ltr'><strong>interim</strong></span> <span class='ocrx_word' id='word_1_230' title='bbox 1379 1928 1520 1959; x_wconf 84' lang='lat' dir='ltr'><strong>FLPV.</strong></span> 
     </span>
     <span class='ocr_line' id='line_1_38' title="bbox 167 1972 1522 2019; baseline -0.001 -11"><span class='ocrx_word' id='word_1_231' title='bbox 167 1979 187 2008; x_wconf 78' lang='lat'>4</span> <span class='ocrx_word' id='word_1_232' title='bbox 214 1974 350 2019; x_wconf 83' lang='lat' dir='ltr'><strong>vigoris</strong></span> <span class='ocrx_word' id='word_1_233' title='bbox 373 1975 512 2009; x_wconf 74' lang='lat' dir='ltr'><strong>Lauer:</strong></span> <span class='ocrx_word' id='word_1_234' title='bbox 541 1973 662 2018; x_wconf 87' lang='lat' dir='ltr'><strong>uigori</strong></span> <span class='ocrx_word' id='word_1_235' title='bbox 683 1977 721 2009; x_wconf 81' lang='lat' dir='ltr'><strong>A.</strong></span> <span class='ocrx_word' id='word_1_236' title='bbox 798 1979 817 2007; x_wconf 86' lang='lat'>5</span> <span class='ocrx_word' id='word_1_237' title='bbox 840 1973 1081 2019; x_wconf 76' lang='lat' dir='ltr'><strong>suppplebat]</strong></span> <span class='ocrx_word' id='word_1_238' title='bbox 1109 1973 1279 2018; x_wconf 82' lang='lat' dir='ltr'><strong>suplebat</strong></span> <span class='ocrx_word' id='word_1_239' title='bbox 1301 1976 1340 2006; x_wconf 86' lang='lat' dir='ltr'><strong>V.</strong></span> <span class='ocrx_word' id='word_1_240' title='bbox 1417 1976 1437 2006; x_wconf 81' lang='lat'>6</span> <span class='ocrx_word' id='word_1_241' title='bbox 1458 1972 1522 2006; x_wconf 87' lang='lat' dir='ltr'><strong>ad-</strong></span> 
     </span>
     <span class='ocr_line' id='line_1_39' title="bbox 168 2020 1448 2066; baseline -0.001 -11"><span class='ocrx_word' id='word_1_242' title='bbox 168 2021 367 2066; x_wconf 87' lang='lat' dir='ltr'><strong>hortantis]</strong></span> <span class='ocrx_word' id='word_1_243' title='bbox 404 2022 610 2056; x_wconf 86' lang='lat' dir='ltr'><strong>adortantis</strong></span> <span class='ocrx_word' id='word_1_244' title='bbox 637 2025 675 2055; x_wconf 82' lang='lat' dir='ltr'><strong>V.</strong></span> <span class='ocrx_word' id='word_1_245' title='bbox 780 2026 800 2054; x_wconf 74' lang='lat' dir='ltr'>S</span> <span class='ocrx_word' id='word_1_246' title='bbox 833 2021 983 2065; x_wconf 86' lang='lat' dir='ltr'><strong>quidem</strong></span> <span class='ocrx_word' id='word_1_247' title='bbox 1021 2022 1249 2056; x_wconf 72' lang='lat' dir='ltr'><strong>I&#39;z&#39;ndelz&#39;nus:</strong></span> <span class='ocrx_word' id='word_1_248' title='bbox 1284 2020 1383 2064; x_wconf 84' lang='lat' dir='ltr'><strong>quod</strong></span> <span class='ocrx_word' id='word_1_249' title='bbox 1409 2023 1448 2054; x_wconf 84' lang='lat' dir='ltr'><strong>A.</strong></span> 
     </span>
     <span class='ocr_line' id='line_1_40' title="bbox 168 2068 1520 2114; baseline -0.001 -11"><span class='ocrx_word' id='word_1_250' title='bbox 168 2069 320 2114; x_wconf 89' lang='lat' dir='ltr'><strong>ducum]</strong></span> <span class='ocrx_word' id='word_1_251' title='bbox 343 2070 473 2103; x_wconf 86' lang='lat' dir='ltr'><strong>ducem</strong></span> <span class='ocrx_word' id='word_1_252' title='bbox 494 2072 519 2102; x_wconf 88' lang='lat' dir='ltr'>B</span> <span class='ocrx_word' id='word_1_253' title='bbox 539 2081 583 2103; x_wconf 83' lang='lat' dir='ltr'><strong>m.</strong></span> <span class='ocrx_word' id='word_1_254' title='bbox 602 2081 659 2113; x_wconf 78' lang='lat' dir='ltr'><strong>pr.</strong></span> <span class='ocrx_word' id='word_1_255' title='bbox 736 2073 754 2102; x_wconf 84' lang='lat'><strong>9</strong></span> <span class='ocrx_word' id='word_1_256' title='bbox 777 2069 983 2114; x_wconf 84' lang='lat' dir='ltr'><strong>adhortati]</strong></span> <span class='ocrx_word' id='word_1_257' title='bbox 1005 2068 1221 2103; x_wconf 83' lang='lat' dir='ltr'><strong>adhortanti</strong></span> <span class='ocrx_word' id='word_1_258' title='bbox 1241 2072 1278 2111; x_wconf 81' lang='lat' dir='ltr'><strong>P,</strong></span> <span class='ocrx_word' id='word_1_259' title='bbox 1299 2068 1461 2102; x_wconf 83' lang='lat' dir='ltr'><strong>adortati</strong></span> <span class='ocrx_word' id='word_1_260' title='bbox 1481 2070 1520 2102; x_wconf 82' lang='lat' dir='ltr'><strong>V.</strong></span> 
     </span>
     <span class='ocr_line' id='line_1_41' title="bbox 171 2116 1522 2162; baseline -0.001 -12"><span class='ocrx_word' id='word_1_261' title='bbox 171 2123 209 2151; x_wconf 91' lang='grc'><strong>11</strong></span> <span class='ocrx_word' id='word_1_262' title='bbox 239 2116 418 2162; x_wconf 84' lang='lat' dir='ltr'><strong>hostium]</strong></span> <span class='ocrx_word' id='word_1_263' title='bbox 446 2116 588 2150; x_wconf 86' lang='lat' dir='ltr'><strong>hostem</strong></span> <span class='ocrx_word' id='word_1_264' title='bbox 614 2120 650 2150; x_wconf 81' lang='lat' dir='ltr'><strong>P.</strong></span> <span class='ocrx_word' id='word_1_265' title='bbox 749 2116 966 2161; x_wconf 83' lang='lat' dir='ltr'><strong>potuerunt]</strong></span> <span class='ocrx_word' id='word_1_266' title='bbox 993 2118 1169 2160; x_wconf 83' lang='lat' dir='ltr'><strong>ceperunt</strong></span> <span class='ocrx_word' id='word_1_267' title='bbox 1196 2120 1230 2149; x_wconf 87' lang='lat' dir='ltr'><strong>P.</strong></span> <span class='ocrx_word' id='word_1_268' title='bbox 1332 2120 1373 2149; x_wconf 82' lang='lat'><strong>15</strong></span> <span class='ocrx_word' id='word_1_269' title='bbox 1400 2126 1522 2160; x_wconf 80' lang='lat' dir='ltr'><strong>perse-</strong></span> 
     </span>
     <span class='ocr_line' id='line_1_42' title="bbox 167 2162 1520 2210; baseline -0.001 -12"><span class='ocrx_word' id='word_1_270' title='bbox 167 2165 323 2210; x_wconf 75' lang='lat' dir='ltr'><strong>veravit]</strong></span> <span class='ocrx_word' id='word_1_271' title='bbox 345 2164 641 2208; x_wconf 85' lang='lat' dir='ltr'><strong>perseuerauerit</strong></span> <span class='ocrx_word' id='word_1_272' title='bbox 661 2167 698 2197; x_wconf 82' lang='lat' dir='ltr'><strong>F.</strong></span> <span class='ocrx_word' id='word_1_273' title='bbox 796 2164 986 2208; x_wconf 81' lang='lat' dir='ltr'><strong>praecepit</strong></span> <span class='ocrx_word' id='word_1_274' title='bbox 1008 2168 1046 2198; x_wconf 83' lang='lat' dir='ltr'><strong>C:</strong></span> <span class='ocrx_word' id='word_1_275' title='bbox 1074 2163 1257 2208; x_wconf 85' lang='lat' dir='ltr'><strong>praecipit</strong></span> <span class='ocrx_word' id='word_1_276' title='bbox 1277 2166 1311 2197; x_wconf 86' lang='lat' dir='ltr'><strong>P.</strong></span> <span class='ocrx_word' id='word_1_277' title='bbox 1414 2165 1455 2196; x_wconf 87' lang='grc'>18</span> <span class='ocrx_word' id='word_1_278' title='bbox 1483 2162 1520 2196; x_wconf 90' lang='lat' dir='ltr'><strong>in</strong></span> 
     </span>
     <span class='ocr_line' id='line_1_43' title="bbox 168 2210 1520 2257; baseline -0.001 -12"><span class='ocrx_word' id='word_1_279' title='bbox 168 2215 290 2246; x_wconf 87' lang='lat' dir='ltr'><strong>castra</strong></span> <span class='ocrx_word' id='word_1_280' title='bbox 317 2223 354 2246; x_wconf 89' lang='lat' dir='ltr'><strong>se</strong></span> <span class='ocrx_word' id='word_1_281' title='bbox 387 2212 543 2257; x_wconf 86' lang='lat' dir='ltr'><strong>recepit]</strong></span> <span class='ocrx_word' id='word_1_282' title='bbox 581 2214 703 2245; x_wconf 88' lang='lat' dir='ltr'><strong>castra</strong></span> <span class='ocrx_word' id='word_1_283' title='bbox 734 2211 869 2255; x_wconf 86' lang='lat' dir='ltr'><strong>recipit</strong></span> <span class='ocrx_word' id='word_1_284' title='bbox 894 2215 928 2244; x_wconf 90' lang='lat' dir='ltr'><strong>P.</strong></span> <span class='ocrx_word' id='word_1_285' title='bbox 1075 2210 1202 2254; x_wconf 86' lang='lat' dir='ltr'><strong>ibique</strong></span> <span class='ocrx_word' id='word_1_286' title='bbox 1230 2211 1520 2245; x_wconf 76' lang='lat' dir='ltr'><strong>Freinshemius:</strong></span> 
     </span>
     <span class='ocr_line' id='line_1_44' title="bbox 168 2256 1521 2304; baseline -0.002 -11"><span class='ocrx_word' id='word_1_287' title='bbox 168 2259 352 2303; x_wconf 83' lang='lat' dir='ltr'><strong>reliquum</strong></span> <span class='ocrx_word' id='word_1_288' title='bbox 379 2262 416 2292; x_wconf 79' lang='lat' dir='ltr'><strong>A.</strong></span> <span class='ocrx_word' id='word_1_289' title='bbox 536 2263 577 2292; x_wconf 73' lang='lat'><strong>*21</strong></span> <span class='ocrx_word' id='word_1_290' title='bbox 605 2259 759 2304; x_wconf 81' lang='lat' dir='ltr'><strong>hedera]</strong></span> <span class='ocrx_word' id='word_1_291' title='bbox 787 2259 897 2292; x_wconf 88' lang='lat' dir='ltr'><strong>edera</strong></span> <span class='ocrx_word' id='word_1_292' title='bbox 922 2262 995 2292; x_wconf 83' lang='lat' dir='ltr'><strong>Pv.</strong></span> <span class='ocrx_word' id='word_1_293' title='bbox 1119 2261 1162 2291; x_wconf 74' lang='lat'><strong>22</strong></span> <span class='ocrx_word' id='word_1_294' title='bbox 1191 2259 1228 2291; x_wconf 88' lang='lat' dir='ltr'><strong>in</strong></span> <span class='ocrx_word' id='word_1_295' title='bbox 1256 2260 1378 2291; x_wconf 78' lang='lat' dir='ltr'><strong>castra</strong></span> <span class='ocrx_word' id='word_1_296' title='bbox 1403 2256 1521 2291; x_wconf 84' lang='lat' dir='ltr'><strong>redie-</strong></span> 
     </span>
     <span class='ocr_line' id='line_1_45' title="bbox 167 2306 1520 2351; baseline -0.001 -11"><span class='ocrx_word' id='word_1_297' title='bbox 167 2309 254 2340; x_wconf 89' lang='lat' dir='ltr'><strong>runt</strong></span> <span class='ocrx_word' id='word_1_298' title='bbox 279 2311 320 2341; x_wconf 86' lang='lat' dir='ltr'><strong>P:</strong></span> <span class='ocrx_word' id='word_1_299' title='bbox 354 2307 545 2341; x_wconf 85' lang='lat' dir='ltr'><strong>redierunt</strong></span> <span class='ocrx_word' id='word_1_300' title='bbox 572 2310 603 2341; x_wconf 86' lang='lat' dir='ltr'><strong>C&#39;.</strong></span> <span class='ocrx_word' id='word_1_301' title='bbox 693 2311 735 2341; x_wconf 77' lang='lat'><strong>:26</strong></span> <span class='ocrx_word' id='word_1_302' title='bbox 762 2318 897 2351; x_wconf 86' lang='lat' dir='ltr'><strong>magna</strong></span> <span class='ocrx_word' id='word_1_303' title='bbox 923 2306 982 2351; x_wconf 83' lang='lat' dir='ltr'><strong>ex]</strong></span> <span class='ocrx_word' id='word_1_304' title='bbox 1010 2317 1167 2350; x_wconf 84' lang='lat' dir='ltr'><strong>magnex</strong></span> <span class='ocrx_word' id='word_1_305' title='bbox 1194 2309 1228 2339; x_wconf 88' lang='lat' dir='ltr'><strong>P.</strong></span> <span class='ocrx_word' id='word_1_306' title='bbox 1317 2308 1360 2339; x_wconf 81' lang='lat'><strong>‘27</strong></span> <span class='ocrx_word' id='word_1_307' title='bbox 1388 2315 1520 2350; x_wconf 88' lang='lat' dir='ltr'><strong>oppor-</strong></span> 
     </span>
    </p>
   </div>
   <div class='ocr_carea' id='block_1_11' title="bbox 170 2353 1329 2398">
    <p class='ocr_par' dir='ltr' id='par_1_11' title="bbox 170 2353 1329 2398">
     <span class='ocr_line' id='line_1_46' title="bbox 170 2353 1329 2398; baseline -0.001 -11"><span class='ocrx_word' id='word_1_308' title='bbox 170 2357 280 2388; x_wconf 66' lang='lat' dir='ltr'><strong>tunae</strong></span> <span class='ocrx_word' id='word_1_309' title='bbox 307 2358 339 2388; x_wconf 83' lang='lat'><strong>1:</strong></span> <span class='ocrx_word' id='word_1_310' title='bbox 368 2357 572 2398; x_wconf 82' lang='lat' dir='ltr'><strong>oportunae</strong></span> <span class='ocrx_word' id='word_1_311' title='bbox 599 2357 637 2387; x_wconf 84' lang='grc' dir='ltr'><strong>Δ.</strong></span> <span class='ocrx_word' id='word_1_312' title='bbox 739 2353 912 2398; x_wconf 70' lang='lat' dir='ltr'><strong>Scythas]</strong></span> <span class='ocrx_word' id='word_1_313' title='bbox 940 2353 1078 2387; x_wconf 87' lang='lat' dir='ltr'><strong>scithas</strong></span> <span class='ocrx_word' id='word_1_314' title='bbox 1106 2356 1131 2386; x_wconf 86' lang='lat' dir='ltr'><strong>B</strong></span> <span class='ocrx_word' id='word_1_315' title='bbox 1154 2365 1195 2387; x_wconf 83' lang='lat' dir='ltr'><strong>m.</strong></span> <span class='ocrx_word' id='word_1_316' title='bbox 1213 2365 1270 2397; x_wconf 80' lang='lat' dir='ltr'><strong>pr.</strong></span> <span class='ocrx_word' id='word_1_317' title='bbox 1293 2357 1329 2386; x_wconf 82' lang='lat' dir='ltr'><strong>F.</strong></span> 
     </span>
    </p>
   </div>
  </div>
 </body>
</html>
