1610 2522
164 95 248 136 272
666 98 705 138 o.
735 96 879 131 culrrl
905 97 1014 130 auri

163 206 253 246 sine
281 205 453 258 invidia,
480 220 587 259 quae
609 204 708 246 Cleo
737 205 856 258 dixit,
883 205 1095 247 audierint
1121 207 1354 260 eodemque
1381 221 1519 260 cursu,

164 279 248 318 quo
282 264 441 306 fluxere
474 264 611 306 adhuc
643 279 720 316 res,
755 265 814 306 ire
847 265 1075 318 patiantur.
1126 265 1295 307 Nostris
1327 266 1518 308 moribus

166 325 298 365 velint
329 338 407 364 1108
441 339 531 366 0880
565 327 797 365 contentos.
850 323 949 365 Non
983 324 1112 378 pudet
1143 326 1316 379 patriae,
1349 339 1426 367 nec
1451 325 1517 367 de-

164 383 314 430 sidero,
347 383 399 424 ad
432 398 557 437 quem
592 384 764 425 modum
795 399 868 425 rex
895 383 1002 425 mihi
1029 384 1231 426 colendus
1258 385 1327 439 sit,
1360 385 1518 427 discere

90 456 134 484 ‘20
161 458 187 483 α
223 444 345 484 testes.
410 444 524 491 Quos
564 443 758 497 equidem
794 443 974 485 victores
1007 458 1096 485 esse
1130 420 1352 498 confiteoi,
1398 444 1431 484 si
1464 444 1517 485 ab
1557 461 1572 486 5

163 503 247 544 illis
281 502 413 556 leoes,
459 504 554 557 quis
587 504 797 555 vivamus,
829 504 1086 556 acci1)imus.'
1151 504 1312 557 Aequis
1346 503 1518 545 auribus
1539 507 1590 541 '0

165 562 445 603 1'allist11enes
472 563 605 603 veluti
631 562 787 603 vindex
817 562 1011 616 publicae
1032 562 1243 604 libertatis
1259 563 1516 605 audiebatur.

162 621 443 675 Expresserat
474 636 558 663 non
593 622 886 664 adsensionem
919 622 1059 675 modo,
1093 623 1164 663 sed
1197 623 1324 663 etiam
1360 637 1518 676 vocem,

81 729 90 739 ·
162 682 377 723 seniorum
404 682 642 735 praecipue,
670 681 825 735 quibus
852 682 993 736 gravis
1021 686 1109 723 erat
1137 683 1362 724 inveterati
1388 683 1518 724 moris

91 754 131 783 *21
163 744 336 782 externa
367 741 560 782 mutatio.
622 740 713 782 Nec
745 742 973 795 quicquam
1006 756 1164 794 eorum,
1197 756 1303 796 quae
1336 742 1517 784 invicem
1540 758 1573 782 10

163 801 319 841 iactata
364 804 500 854 erant,
544 815 617 842 rex
657 801 899 856 ignorabat,
945 815 1039 842 cum
1074 804 1171 854 post
1204 801 1367 855 aulaea,
1412 816 1519 855 quae

162 860 284 901 lectis
318 860 571 913 obduxerat,
616 863 757 901 staret.
821 859 960 915 Igitur
1004 860 1055 901 ad
1089 860 1204 915 Agin
1244 864 1285 902 et
1319 860 1517 902 Cleonem

162 920 292 973 misit,
324 923 371 961 ut
403 934 597 961 sermone
629 920 752 961 finito
787 920 990 961 barbaros
1023 923 1202 973 tantum,
1238 935 1332 961 cum
1368 921 1518 962 intras-

162 983 242 1033 set,
287 979 566 1033 procumbere
607 994 683 1021 suo
716 994 833 1021 more
866 983 1132 1034 paterentur,
1175 982 1217 1020 et
1248 980 1375 1034 paulo
1408 984 1518 1034 post,

162 1040 283 1094 quasi
310 1039 479 1093 potiora
506 1039 711 1092 quaedam
734 1039 901 1094 egisset,
929 1039 1172 1080 convivium
1194 1039 1358 1093 repetit.
1384 1039 1516 1088 Quem
1540 1054 1571 1079 15

163 1098 463 1140 venerantibus
496 1098 637 1140 Persis
667 1099 946 1152 Polypercon,
980 1098 1051 1152 qui
1086 1098 1270 1140 cubabat
1302 1114 1428 1153 super
1458 1114 1518 1140 re-

161 1173 276 1212 gem,
321 1173 452 1199 unum
496 1173 548 1199 ex
593 1158 644 1199 iis
688 1162 830 1199 mento
871 1159 1188 1212 contingentem
1228 1158 1405 1200 humum
1444 1173 1520 1212 per

162 1218 396 1259 ludibrium
439 1219 580 1272 coepit
617 1217 798 1270 hortari,
844 1221 891 1259 ut
924 1217 1217 1259 vehementius
1251 1217 1293 1258 id
1326 1221 1518 1272 quateret

162 1278 215 1319 ad
241 1281 411 1331 terram,
438 1277 668 1331 elicuitque
695 1278 801 1318 iram
822 1277 1068 1330 Alexandri,
1095 1291 1222 1331 quam
1251 1277 1353 1318 olim
1374 1277 1517 1319 animo

92 1349 136 1379 23
164 1352 312 1391 capere
350 1352 437 1378 non
478 1339 658 1391 poterat.
721 1336 871 1391 Itaque
902 1351 993 1378 rex:
1040 1336 1119 1377 ‘Tu
1152 1336 1322 1390 autem’,
1366 1338 1572 1391 inquit,2o

165 1397 264 1438 ‘non
298 1397 563 1438 veneraberis
599 1397 693 1438 me‘?
735 1396 803 1437 An
836 1396 915 1437 tibi
947 1396 1022 1437 uni
1055 1396 1174 1451 digni
1206 1396 1400 1437 videmur
1429 1411 1518 1438 esse

163 1456 394 1498 ludibrio?
458 1455 536 1498 Ille
574 1470 652 1498 nec
689 1470 833 1512 regem
865 1456 1051 1497 ludibrio
1084 1469 1162 1497 nec
1194 1470 1237 1496 se
1271 1458 1519 1510 contemptu

92 1528 134 1557 24
163 1516 340 1571 dignum
373 1531 464 1557 esse
496 1515 727 1570 respondit.
779 1515 886 1556 Tum
922 1515 1156 1556 detractum
1185 1530 1279 1556 eum
1308 1515 1418 1558 lecto
1446 1530 1519 1556 rex

162 1576 416 1630 praecipitat
460 1575 505 1616 in
547 1579 702 1617 terram
749 1578 808 1629 et,
853 1590 949 1616 cum
995 1575 1029 1615 is
1075 1589 1233 1629 pronus
1273 1575 1518 1616 corruisset:

163 1635 395 1687 ‘Videsne’,
428 1635 581 1688 inquit,
615 1635 741 1676 ‘idem
774 1638 815 1676 te
848 1634 1011 1687 fecisse,
1051 1634 1164 1688 quod
1197 1635 1238 1674 111
1272 1634 1356 1675 3110
1389 1635 1517 1688 paulo
1539 1649 1571 1674 25

163 1698 260 1736 ante
292 1694 504 1736 ridebas?’
569 1694 625 1735 Et
658 1693 768 1735 tradi
802 1708 850 1735 eo
885 1694 928 1734 in
961 1693 1196 1736 custodiam
1231 1694 1345 1734 iusso
1379 1693 1520 1734 convi-

91 1758 141 1792 Vl
165 1754 279 1795 vium
314 1755 452 1795 solvit.
501 1753 803 1808 Polyperconti
833 1753 1004 1807 quidem
1032 1757 1178 1807 post-ea
1206 1753 1418 1794 custodito
1446 1752 1518 1793 diu

163 1814 346 1868 ignovit:
392 1814 435 1854 in
482 1812 768 1854 Callisthenen
817 1814 918 1854 olim
964 1813 1230 1854 contumacia
1274 1815 1518 1866 suspectum

163 1873 461 1927 pervicacioris
506 1873 593 1914 irae
637 1873 731 1913 fuit.
802 1871 930 1913 Cuius
970 1872 1200 1926 explendae
1241 1875 1406 1913 mat-ura
1447 1871 1584 1912 ob-21

93 1052 109 1081 1-1

115 1052 133 1080 13

260 1983 278 2012 2
305 1978 457 2023 fluxere]
485 1977 610 2012 flixere
630 1981 655 2010 P
678 1990 720 2011 m.
736 1989 795 2021 pr.
895 1977 1103 2022 patiantur]
1131 1977 1328 2021 paciantur
1351 1980 1376 2009 L
1399 1989 1441 2010 m.
1458 1988 1516 2021 pr.

163 2030 235 2060 Pv.
311 2031 331 2060 4
360 2026 502 2060 discere
529 2038 549 2059 a
580 2037 596 2059 1.·
608 2026 710 2059 ictis
735 2026 880 2069 scripsi:
909 2024 1050 2058 discere
1076 2028 1115 2058 A.
1192 2028 1210 2057 6
1239 2024 1338 2069 quis]
1365 2035 1456 2067 quas
1478 2027 1516 2057 V.

166 2078 182 2107 ῖ
211 2073 472 2118 Callisthenes]
501 2072 745 2107 callesthenes
771 2077 807 2113 P,
836 2072 1046 2106 vallistenes
1074 2075 1180 2105 FLV.
1300 2077 1337 2105 11
1369 2071 1518 2115 aulaea1

164 2121 246 2155 alea
272 2124 297 2154 B
326 2134 368 2155 m.
385 2134 442 2166 pr.
568 2125 609 2154 12
643 2120 741 2165 Agin
769 2120 904 2154 Aldus:
945 2115 1067 2163 haggen
1094 2122 1132 2152 A.
1258 2122 1299 2153 13
1334 2120 1517 2163 sermone]

164 2180 282 2203 sermo
310 2173 334 2202 P
357 2181 398 2203 m.
417 2181 475 2213 pr.
570 2172 611 2201 16
640 2167 868 2212 Polypercon
897 2171 927 2201 1:
955 2166 1171 2211 polipercon
1199 2169 1237 2199 A.
1340 2170 1380 2200 17
1409 2166 1454 2200 118
1474 2170 1516 2200 P:

165 2216 220 2249 his
249 2220 281 2250 c.
380 2215 549 2261 humum]
578 2227 704 2249 umum
730 2218 768 2248 V.
869 2220 909 2249 21
940 2214 1188 2259 veneraberis}
1216 2213 1454 2248 uenerabaris
1480 2217 1516 2252 Ρ,

164 2264 352 2297 ueraberis
374 2267 399 2296 B
419 2276 464 2298 m.
482 2275 538 2308 pr.
640 2267 683 2296 :24
710 2263 757 2308 is]
784 2262 829 2296 iis
850 2266 885 2296 P.
987 2266 1029 2295 25
1057 2263 1093 2296 te
1119 2274 1185 2296 om.
1207 2265 1242 2294 P.
1344 2265 1387 2295 ’26
1415 2272 1456 2295 eo
1483 2265 1515 2295 1:

165 2323 248 2345 eum
286 2315 325 2344 A.
450 2315 492 2344 27
533 2310 810 2355 Polyperconti}
850 2309 1097 2354 poliperconti
1135 2313 1204 2342 FP.
1329 2308 1516 2343 custodito

167 2360 365 2393 Jx'iuclnssus:
394 2360 579 2401 castigato
607 2361 644 2391 A.
746 2362 787 2391 ‘229
816 2357 1091 2401 pervicacioris]
1119 2356 1377 2400 pei-uicatioris
1403 2360 1438 2389 P.
