1610 2522
51 771 83 796 10

51 1068 82 1093 15

49 1365 82 1389 20

398 110 731 146 HISTORIARUM
762 112 1043 146 ALEXANDRI
1071 112 1111 151 X,
1142 117 1170 146 7.
1376 114 1460 154 3ἷ9

104 219 265 261 (liccam
292 222 332 261 et
360 219 636 273 Leonnatum,
669 220 799 274 stirpe
826 222 942 275 regia
969 222 1146 276 genitos.
1200 221 1380 275 Adiecit,
1416 224 1462 262 ut
1489 234 1508 263 9

104 280 147 319 in
194 279 367 333 Europa
408 278 606 320 Craterus
651 282 692 320 et
725 279 951 333 Antipater
995 295 1061 321 res
1106 281 1460 322 administrarent.

104 338 212 379 Tum
257 338 549 379 iusiurandum
594 354 617 380 a
659 339 838 394 singulis
879 343 1071 380 exartum
1112 341 1280 381 futuros
1315 341 1358 381 in
1391 356 1462 395 po-

105 400 258 439 testate
291 398 402 453 regis
439 398 571 453 geniti
604 398 858 439 Alexandro.
921 398 1135 454 Meleager
1167 425 1223 428 —
1256 399 1369 440 haud
1402 401 1460 441 in-
1490 411 1533 441 10

104 457 211 497 iuria
258 460 372 498 metu
417 457 615 512 supplicii
660 459 832 499 territus
877 473 972 499 011111
1019 459 1105 499 suis
1145 462 1372 500 secesserat
1406 484 1461 488 —

104 531 251 557 rursus
285 515 531 571 Philippum
573 516 744 557 trahens
787 532 930 559 secum
971 519 1136 573 inrupit
1179 519 1337 574 regiain
1382 519 1461 559 cla-

106 575 260 616 mitans
299 576 521 631 suffragari
561 577 650 631 spei
690 577 738 618 de
777 592 887 618 novo
925 592 1023 632 rege
1062 578 1189 632 paulo
1229 581 1326 619 aute
1366 592 1461 619 con—

105 638 249 689 ceptae
288 635 418 676 robur
455 636 621 676 aetatis:
664 637 956 690 experirentur
994 637 1119 678 niodo
1154 638 1327 692 stirpen]
1364 637 1461 678 Phi-

103 695 228 748 lippi,
274 694 353 749 [et]
401 694 534 735 filium
577 709 624 736 ac
656 695 831 737 fratrem
865 710 1011 750 regum
1047 697 1243 738 duorum:
1290 697 1462 738 sibimet

104 754 208 808 ipsis
241 754 509 808 potissimum
546 754 775 796 crederent.
826 754 1005 796 Nullum
1038 755 1298 810 profundum
1331 771 1460 809 mare,
1489 768 1530 798 11

102 815 268 854 nullum
302 817 468 854 vastum
501 814 655 855 fretum
691 817 731 854 et
763 817 1049 867 procellosum
1078 818 1219 857 tantos
1251 816 1332 857 ciet
1358 815 1460 857 fluc-

102 874 183 925 tus,
217 875 398 926 quantos
427 874 657 914 multitudo
691 876 830 915 motus
865 874 1004 928 habet,
1041 876 1185 929 utique
1218 876 1253 916 si
1282 890 1393 916 nova
1421 878 1461 915 et

104 931 221 972 brevi
274 932 475 973 duratura
525 933 722 974 libertate
772 933 971 974 luxuriat.
1056 934 1185 975 Pauci
1236 934 1460 976 Perdiccae
1490 946 1531 976 12

103 991 229 1032 modo
263 992 416 1045 electo,
448 993 589 1045 plures
620 992 840 1047 Philippo,
873 1007 996 1046 quem
1032 997 1298 1048 spreverant,
1331 994 1461 1047 impe-

103 1050 212 1091 rium
255 1050 421 1091 dabant.
484 1051 574 1092 Nec
615 1054 722 1093 velle
759 1066 837 1093 nec
874 1055 988 1094 nolle
1022 1054 1251 1107 quicquam
1285 1054 1356 1094 diu
1388 1068 1460 1108 po-

104 1112 254 1163 terant,
286 1110 614 1165 paenitebatque
647 1112 772 1152 modo
807 1112 987 1166 consilii,
1019 1113 1146 1153 inodo
1176 1113 1461 1166 paenitentiae

103 1169 248 1223 ipsius.
302 1169 369 1209 Ad
402 1169 601 1211 ultimum
634 1174 775 1211 tamen
808 1172 853 1211 in
885 1172 1058 1225 stirpem
1093 1172 1253 1228 regiam
1287 1172 1460 1213 inclina-

102 1243 198 1269 vere
231 1228 393 1269 studiis.
459 1228 650 1271 Cesserat
688 1245 738 1270 ex
778 1231 977 1272 contione
1010 1231 1268 1273 Arrhidaeus
1307 1232 1459 1285 princi-
1488 1243 1529 1273 13

102 1302 202 1341 pun]
237 1289 489 1330 auctoritate
520 1290 787 1343 conterritus,
819 1293 861 1331 et
886 1291 1068 1332 abeunte
1096 1292 1170 1332 illo
1199 1292 1460 1332 conticuerat

102 1347 238 1401 magis
271 1362 397 1401 quam
431 1348 676 1403 elanguerat
709 1349 904 1390 militaris
937 1350 1073 1391 favor:
1114 1351 1259 1404 itaque
1292 1365 1457 1392 revoca—

103 1409 171 1446 tus
213 1409 372 1447 vestem
410 1407 573 1461 fratris,
618 1423 708 1449 eam
750 1409 905 1462 ipsam,
951 1424 1058 1463 quae
1097 1410 1141 1450 in
1180 1412 1284 1451 sella
1319 1410 1460 1464 posita

102 1465 258 1518 fuerat,
302 1466 503 1507 induitur.
566 1467 623 1507 Et
655 1467 868 1523 Meleager
912 1468 1084 1510 thorace
1129 1472 1298 1523 sumpto
1345 1470 1459 1523 capit
1489 1480 1532 1510 14

103 1539 230 1578 arma,
262 1526 363 1566 novi
394 1527 505 1581 reffis
539 1529 718 1567 satelles
773 1526 977 1581 Sequitur
1008 1528 1193 1582 phalanx
1227 1529 1360 1569 hastis
1387 1529 1460 1569 cli-

103 1598 205 1665 peos
239 1585 453 1639 quatiens,
485 1586 704 1639 expletura
739 1601 781 1627 se
815 1587 1021 1642 sanguine
1055 1588 1226 1629 illorum
1286 1588 1358 1641 qui
1391 1588 1462 1628 ad-

1236 1622 1246 1641 7

201 1705 218 1734 1
247 1701 378 1747 stirpe]
405 1704 583 1746 styrpeF
587 1730 594 1737 .
699 1703 860 1749 genitos]
888 1704 1088 1748 genitusP
1093 1732 1099 1738 .
1208 1708 1227 1737 3
1254 1705 1457 1757 potestate]

103 1749 328 1792 potestatem
355 1753 422 1783 LP.
528 1753 549 1782 4
575 1750 690 1796 haud]
718 1750 811 1784 haut
836 1755 862 1783 F
883 1763 927 1785 m.
944 1763 1001 1795 pr.
1107 1752 1256 1796 iniuria]
1285 1752 1461 1785 iniuriam

104 1799 130 1828 L
149 1807 194 1829 m.
211 1807 268 1839 pr.
363 1801 383 1830 Ξ)
404 1797 479 1831 suis
503 1798 661 1831 Gemitu.
683 1798 790 1831 hisA
893 1802 912 1832 6
930 1798 1164 1844 Philippum]
1180 1799 1407 1853 phillippum
1423 1803 1458 1832 F

107 1846 124 1876 7
154 1842 349 1887 suffragari
377 1848 410 1886 1
440 1844 649 1889 subfragari
676 1848 705 1877 A
731 1845 950 1891 [suffragare
977 1847 1021 1892 V]
1130 1847 1209 1890 spei
1234 1848 1381 1891 scripsi:
1409 1846 1461 1879 rei

105 1890 277 1934 publicae
310 1894 348 1925 A
478 1893 695 1938 conceptae]
729 1895 907 1937 concepto
940 1896 1000 1926 BF
1026 1906 1070 1928 m.
1092 1906 1150 1938 pr.
1282 1898 1301 1928 8
1334 1893 1460 1939 robur]

104 1938 213 1972 robor
243 1941 278 1971 P.
409 1939 578 1985 stirpem]
606 1942 772 1983 styrpem
797 1944 872 1974 FV.
1002 1941 1184 1987 Philippi]
1218 1940 1392 1985 phylippi
1424 1945 1459 1974 F.

106 1989 125 2019 9
153 1985 223 2031 [et]
250 1986 370 2020 delevi.
471 1991 512 2019 12
541 1987 572 2020 si
601 1987 759 2022 Gizmta:
789 1988 858 2022 etsi
880 1992 917 2029 C,
952 1988 1025 2032 ipsi
1052 1993 1087 2022 P.
1196 1992 1236 2021 13
1266 1989 1460 2034 duratura]

107 2033 285 2067 duratura
310 2034 393 2066 tura
419 2037 456 2067 F.
506 2033 672 2068 luxuriat
693 2035 833 2070 Lauer:
861 2035 1008 2070 luxuria
1029 2039 1067 2070 A.
1144 2035 1358 2082 Perdiccae]
1379 2046 1460 2079 per-

107 2079 210 2114 dicae
238 2084 275 2113 F.
400 2084 441 2114 14
468 2080 602 2127 electo]
630 2081 746 2116 electe
773 2086 815 2123 P,
849 2082 967 2117 electa
987 2087 1026 2117 V.
1149 2083 1340 2129 Philippo]
1366 2083 1461 2127 phy-

105 2126 210 2171 lippo
236 2131 272 2160 F.
383 2139 493 2171 quem
526 2132 740 2173 spreverant
766 2131 977 2165 Acidaliae:
1013 2142 1124 2174 quam
1152 2133 1392 2174 sperauerant
1421 2134 1459 2164 A.

109 2177 149 2208 17
178 2174 345 2220 stirpem]
376 2179 540 2219 styrpem
566 2180 603 2210 F.
716 2180 758 2210 18
785 2178 972 2223 contione]
1002 2178 1177 2212 concione
1203 2182 1241 2212 V.
1335 2178 1461 2211 Arrhi-

107 2221 220 2255 daeus
246 2223 455 2267 Zumptius:
492 2223 684 2257 arrhideus
710 2228 752 2267 P,
786 2225 977 2259 arithdeus
1005 2230 1037 2259 Ο.
1157 2228 1198 2258 19
1226 2225 1308 2271 1110]
1335 2225 1397 2258 1116
1425 2229 1459 2259 P.

108 2271 152 2302 20
179 2268 412 2315 elanguerat]
437 2270 633 2315 languerat
661 2276 694 2305 C.
782 2276 824 2305 22
852 2272 1035 2318 induitur]
1063 2273 1230 2306 induitus
1257 2277 1292 2306 P.
1380 2272 1461 2306 tho-

106 2315 205 2361 race]
233 2316 360 2351 thrace
386 2321 411 2350 P
436 2329 480 2351 m.
501 2329 556 2361 pr.
655 2322 697 2352 23
719 2319 897 2365 phalanx]
918 2321 1103 2364 phalanex
1123 2323 1163 2353 V.
1263 2319 1400 2363 clipeos
1426 2323 1458 2352 1:

110 2362 259 2407 clypeos
287 2366 325 2397 A.
425 2368 469 2398 24
496 2365 702 2410 expletura]
730 2366 941 2410 expleturas
968 2371 1002 2400 P.
