<?xml version="1.0" encoding="UTF-8"?>
<!DOCTYPE html PUBLIC "-//W3C//DTD XHTML 1.0 Transitional//EN"
    "http://www.w3.org/TR/xhtml1/DTD/xhtml1-transitional.dtd">
<html xmlns="http://www.w3.org/1999/xhtml" xml:lang="en" lang="en">
 <head>
  <title>
</title>
<meta http-equiv="Content-Type" content="text/html;charset=utf-8" />
  <meta name='ocr-system' content='tesseract 3.04.00' />
  <meta name='ocr-capabilities' content='ocr_page ocr_carea ocr_par ocr_line ocrx_word'/>
</head>
<body>
  <div class='ocr_page' id='page_1' title='image "./historiaealexand00curtuoft_0090.png"; bbox 0 0 1610 2522; ppageno 0'>
   <div class='ocr_carea' id='block_1_1' title="bbox 92 742 111 769">
    <p class='ocr_par' dir='ltr' id='par_1_1' title="bbox 92 742 111 769">
     <span class='ocr_line' id='line_1_1' title="bbox 92 742 111 769; baseline 0.053 -1"><span class='ocrx_word' id='word_1_1' title='bbox 92 742 111 769; x_wconf 81' lang='lat' dir='ltr'>b</span> 
     </span>
    </p>
   </div>
   <div class='ocr_carea' id='block_1_2' title="bbox 88 1397 106 1425">
    <p class='ocr_par' dir='ltr' id='par_1_2' title="bbox 88 1397 106 1425">
     <span class='ocr_line' id='line_1_2' title="bbox 88 1397 106 1425; baseline 0 -4"><span class='ocrx_word' id='word_1_2' title='bbox 88 1397 106 1425; x_wconf 69' lang='grc'><strong>9</strong></span> 
     </span>
    </p>
   </div>
   <div class='ocr_carea' id='block_1_3' title="bbox 65 1575 107 1605">
    <p class='ocr_par' dir='ltr' id='par_1_3' title="bbox 65 1575 107 1605">
     <span class='ocr_line' id='line_1_3' title="bbox 65 1575 107 1605; baseline 0.024 -1"><span class='ocrx_word' id='word_1_3' title='bbox 65 1575 107 1605; x_wconf 89' lang='grc'>10</span> 
     </span>
    </p>
   </div>
   <div class='ocr_carea' id='block_1_4' title="bbox 65 1754 101 1783">
    <p class='ocr_par' dir='ltr' id='par_1_4' title="bbox 65 1754 101 1783">
     <span class='ocr_line' id='line_1_4' title="bbox 65 1754 101 1783; baseline 0 0"><span class='ocrx_word' id='word_1_4' title='bbox 65 1754 101 1783; x_wconf 92' lang='grc'>11</span> 
     </span>
    </p>
   </div>
   <div class='ocr_carea' id='block_1_5' title="bbox 140 83 990 125">
    <p class='ocr_par' dir='ltr' id='par_1_5' title="bbox 140 83 990 125">
     <span class='ocr_line' id='line_1_5' title="bbox 140 83 990 125; baseline -0.002 -6"><span class='ocrx_word' id='word_1_5' title='bbox 140 84 192 124; x_wconf 74' lang='grc' dir='ltr'>7ίὶ</span> <span class='ocrx_word' id='word_1_6' title='bbox 644 86 683 125; x_wconf 70' lang='lat' dir='ltr'>Q.</span> <span class='ocrx_word' id='word_1_7' title='bbox 713 83 852 118; x_wconf 61' lang='lat' dir='ltr'>‹tnn&#39;l&#39;l</span> <span class='ocrx_word' id='word_1_8' title='bbox 884 84 990 118; x_wconf 65' lang='lat' dir='ltr'>iniri</span> 
     </span>
    </p>
   </div>
   <div class='ocr_carea' id='block_1_6' title="bbox 139 192 1547 725">
    <p class='ocr_par' dir='ltr' id='par_1_6' title="bbox 139 192 1547 725">
     <span class='ocr_line' id='line_1_6' title="bbox 143 192 1493 247; baseline 0.001 -14"><span class='ocrx_word' id='word_1_9' title='bbox 143 192 310 234; x_wconf 80' lang='lat' dir='ltr'>fastidio</span> <span class='ocrx_word' id='word_1_10' title='bbox 345 208 434 233; x_wconf 67' lang='lat' dir='ltr'>esse</span> <span class='ocrx_word' id='word_1_11' title='bbox 470 193 662 246; x_wconf 78' lang='lat' dir='ltr'>patriam,</span> <span class='ocrx_word' id='word_1_12' title='bbox 695 193 879 234; x_wconf 77' lang='lat' dir='ltr'>abdicari</span> <span class='ocrx_word' id='word_1_13' title='bbox 919 192 1161 247; x_wconf 76' lang='lat' dir='ltr'>Philippum</span> <span class='ocrx_word' id='word_1_14' title='bbox 1200 197 1374 247; x_wconf 85' lang='lat' dir='ltr'>patrem,</span> <span class='ocrx_word' id='word_1_15' title='bbox 1405 208 1493 235; x_wconf 85' lang='lat' dir='ltr'>cae-</span> 
     </span>
     <span class='ocr_line' id='line_1_7' title="bbox 143 251 1494 306; baseline 0.001 -13"><span class='ocrx_word' id='word_1_16' title='bbox 143 251 227 293; x_wconf 90' lang='lat' dir='ltr'>lum</span> <span class='ocrx_word' id='word_1_17' title='bbox 262 253 380 293; x_wconf 76' lang='lat' dir='ltr'>vanis</span> <span class='ocrx_word' id='word_1_18' title='bbox 415 252 750 305; x_wconf 69' lang='lat' dir='ltr'>cogitationibus</span> <span class='ocrx_word' id='word_1_19' title='bbox 784 256 925 306; x_wconf 74' lang='lat' dir='ltr'>petere</span> <span class='ocrx_word' id='word_1_20' title='bbox 959 267 1108 305; x_wconf 76' lang='lat' dir='ltr'>regem.</span> <span class='ocrx_word' id='word_1_21' title='bbox 1172 252 1254 294; x_wconf 87' lang='lat' dir='ltr'>l&#39;ro</span> <span class='ocrx_word' id='word_1_22' title='bbox 1288 253 1494 295; x_wconf 87' lang='lat' dir='ltr'>seditione</span> 
     </span>
     <span class='ocr_line' id='line_1_8' title="bbox 142 312 1494 367; baseline 0.002 -16"><span class='ocrx_word' id='word_1_23' title='bbox 142 327 204 352; x_wconf 71' lang='lat' dir='ltr'>res</span> <span class='ocrx_word' id='word_1_24' title='bbox 238 315 344 364; x_wconf 88' lang='lat' dir='ltr'>erat,</span> <span class='ocrx_word' id='word_1_25' title='bbox 386 326 480 352; x_wconf 78' lang='lat' dir='ltr'>cum</span> <span class='ocrx_word' id='word_1_26' title='bbox 515 312 567 353; x_wconf 82' lang='lat' dir='ltr'>ad</span> <span class='ocrx_word' id='word_1_27' title='bbox 601 312 743 353; x_wconf 87' lang='lat' dir='ltr'>omnia</span> <span class='ocrx_word' id='word_1_28' title='bbox 779 313 994 353; x_wconf 70' lang='lat' dir='ltr'>interritus</span> <span class='ocrx_word' id='word_1_29' title='bbox 1034 313 1161 354; x_wconf 73' lang='lat' dir='ltr'>duces</span> <span class='ocrx_word' id='word_1_30' title='bbox 1195 313 1494 367; x_wconf 75' lang='lat' dir='ltr'>principesque</span> 
     </span>
     <span class='ocr_line' id='line_1_9' title="bbox 141 371 1494 427; baseline 0.001 -16"><span class='ocrx_word' id='word_1_31' title='bbox 141 371 324 412; x_wconf 83' lang='lat' dir='ltr'>militum</span> <span class='ocrx_word' id='word_1_32' title='bbox 367 372 611 425; x_wconf 88' lang='lat' dir='ltr'>frequentes</span> <span class='ocrx_word' id='word_1_33' title='bbox 650 372 795 412; x_wconf 81' lang='lat' dir='ltr'>adesse</span> <span class='ocrx_word' id='word_1_34' title='bbox 836 373 1048 426; x_wconf 85' lang='lat' dir='ltr'>praetorio</span> <span class='ocrx_word' id='word_1_35' title='bbox 1091 372 1206 413; x_wconf 79' lang='lat' dir='ltr'>iubet</span> <span class='ocrx_word' id='word_1_36' title='bbox 1239 372 1494 427; x_wconf 85' lang='lat' dir='ltr'>Aegyptios-</span> 
     </span>
     <span class='ocr_line' id='line_1_10' title="bbox 139 431 1547 485; baseline 0.004 -17"><span class='ocrx_word' id='word_1_37' title='bbox 139 447 220 484; x_wconf 74' lang='lat' dir='ltr'>que</span> <span class='ocrx_word' id='word_1_38' title='bbox 266 434 400 481; x_wconf 81' lang='lat' dir='ltr'>vates,</span> <span class='ocrx_word' id='word_1_39' title='bbox 453 445 560 484; x_wconf 82' lang='lat' dir='ltr'>quos</span> <span class='ocrx_word' id='word_1_40' title='bbox 606 431 710 472; x_wconf 85' lang='lat' dir='ltr'>caeli</span> <span class='ocrx_word' id='word_1_41' title='bbox 756 446 804 472; x_wconf 81' lang='lat' dir='ltr'>ac</span> <span class='ocrx_word' id='word_1_42' title='bbox 849 431 1031 472; x_wconf 77' lang='lat' dir='ltr'>siderum</span> <span class='ocrx_word' id='word_1_43' title='bbox 1077 433 1358 485; x_wconf 75' lang='lat' dir='ltr'>peritissimos</span> <span class='ocrx_word' id='word_1_44' title='bbox 1403 447 1493 473; x_wconf 81' lang='lat' dir='ltr'>esse</span> <span class='ocrx_word' id='word_1_45' title='bbox 1532 449 1547 474; x_wconf 79' lang='lat'><strong>5</strong></span> 
     </span>
     <span class='ocr_line' id='line_1_11' title="bbox 141 489 1494 546; baseline 0.001 -16"><span class='ocrx_word' id='word_1_46' title='bbox 141 489 356 543; x_wconf 83' lang='lat' dir='ltr'>credebat,</span> <span class='ocrx_word' id='word_1_47' title='bbox 396 490 499 544; x_wconf 83' lang='lat' dir='ltr'>quid</span> <span class='ocrx_word' id='word_1_48' title='bbox 539 491 762 542; x_wconf 73' lang='lat' dir='ltr'>sentirent,</span> <span class='ocrx_word' id='word_1_49' title='bbox 803 506 1053 545; x_wconf 76' lang='lat' dir='ltr'>expromere</span> <span class='ocrx_word' id='word_1_50' title='bbox 1094 491 1261 546; x_wconf 63' lang='lat' dir='ltr'>[iubet]</span> <span class='ocrx_word' id='word_1_51' title='bbox 1327 491 1384 532; x_wconf 86' lang='lat' dir='ltr'>At</span> <span class='ocrx_word' id='word_1_52' title='bbox 1418 490 1494 545; x_wconf 91' lang='lat' dir='ltr'>illi,</span> 
     </span>
     <span class='ocr_line' id='line_1_12' title="bbox 141 550 1493 605; baseline 0.001 -15"><span class='ocrx_word' id='word_1_53' title='bbox 141 551 211 604; x_wconf 84' lang='lat' dir='ltr'>qui</span> <span class='ocrx_word' id='word_1_54' title='bbox 255 550 357 591; x_wconf 87' lang='lat' dir='ltr'>satis</span> <span class='ocrx_word' id='word_1_55' title='bbox 400 550 558 592; x_wconf 86' lang='lat' dir='ltr'>scirent</span> <span class='ocrx_word' id='word_1_56' title='bbox 599 553 839 604; x_wconf 87' lang='lat' dir='ltr'>temporum</span> <span class='ocrx_word' id='word_1_57' title='bbox 891 550 1014 592; x_wconf 83' lang='lat' dir='ltr'>orbes</span> <span class='ocrx_word' id='word_1_58' title='bbox 1058 551 1218 605; x_wconf 80' lang='lat' dir='ltr'>inplere</span> <span class='ocrx_word' id='word_1_59' title='bbox 1261 551 1493 592; x_wconf 78' lang='lat' dir='ltr'>destinatas</span> 
     </span>
     <span class='ocr_line' id='line_1_13' title="bbox 141 609 1494 663; baseline 0.001 -14"><span class='ocrx_word' id='word_1_60' title='bbox 141 610 249 650; x_wconf 77' lang='lat' dir='ltr'>vices</span> <span class='ocrx_word' id='word_1_61' title='bbox 289 609 519 663; x_wconf 87' lang='lat' dir='ltr'>lunamque</span> <span class='ocrx_word' id='word_1_62' title='bbox 553 610 748 662; x_wconf 84' lang='lat' dir='ltr'>deficere,</span> <span class='ocrx_word' id='word_1_63' title='bbox 788 625 881 651; x_wconf 89' lang='lat' dir='ltr'>cum</span> <span class='ocrx_word' id='word_1_64' title='bbox 923 615 995 652; x_wconf 86' lang='lat' dir='ltr'>aut</span> <span class='ocrx_word' id='word_1_65' title='bbox 1028 615 1182 652; x_wconf 87' lang='lat' dir='ltr'>terram</span> <span class='ocrx_word' id='word_1_66' title='bbox 1216 610 1378 652; x_wconf 87' lang='lat' dir='ltr'>subiret</span> <span class='ocrx_word' id='word_1_67' title='bbox 1420 613 1494 652; x_wconf 90' lang='lat' dir='ltr'>aut</span> 
     </span>
     <span class='ocr_line' id='line_1_14' title="bbox 140 669 1491 725; baseline 0.002 -17"><span class='ocrx_word' id='word_1_68' title='bbox 140 669 227 710; x_wconf 73' lang='lat' dir='ltr'>sole</span> <span class='ocrx_word' id='word_1_69' title='bbox 256 673 528 723; x_wconf 77' lang='lat' dir='ltr'>premeretur,</span> <span class='ocrx_word' id='word_1_70' title='bbox 562 670 768 711; x_wconf 85' lang='lat' dir='ltr'>rationem</span> <span class='ocrx_word' id='word_1_71' title='bbox 799 670 967 723; x_wconf 84' lang='lat' dir='ltr'>quidem</span> <span class='ocrx_word' id='word_1_72' title='bbox 999 670 1103 724; x_wconf 68' lang='lat' dir='ltr'>ipsis</span> <span class='ocrx_word' id='word_1_73' title='bbox 1131 673 1372 725; x_wconf 78' lang='lat' dir='ltr'>perceptam</span> <span class='ocrx_word' id='word_1_74' title='bbox 1408 684 1491 711; x_wconf 88' lang='lat' dir='ltr'>non</span> 
     </span>
    </p>
   </div>
   <div class='ocr_carea' id='block_1_7' title="bbox 103 728 1547 783">
    <p class='ocr_par' dir='ltr' id='par_1_7' title="bbox 103 728 1547 783">
     <span class='ocr_line' id='line_1_15' title="bbox 103 728 1547 783; baseline 0.002 -15"><span class='ocrx_word' id='word_1_75' title='bbox 103 740 109 748; x_wconf 93' lang='lat'>·</span> <span class='ocrx_word' id='word_1_76' title='bbox 140 729 317 770; x_wconf 74' lang='lat' dir='ltr'>edocent</span> <span class='ocrx_word' id='word_1_77' title='bbox 350 728 520 783; x_wconf 83' lang='lat' dir='ltr'>vulgus:</span> <span class='ocrx_word' id='word_1_78' title='bbox 561 732 747 770; x_wconf 84' lang='lat' dir='ltr'>ceterum</span> <span class='ocrx_word' id='word_1_79' title='bbox 787 729 1015 771; x_wconf 82' lang='lat' dir='ltr'>adfirmant</span> <span class='ocrx_word' id='word_1_80' title='bbox 1054 730 1186 771; x_wconf 89' lang='lat' dir='ltr'>solem</span> <span class='ocrx_word' id='word_1_81' title='bbox 1222 729 1493 783; x_wconf 86' lang='lat' dir='ltr'>Graecorum,</span> <span class='ocrx_word' id='word_1_82' title='bbox 1516 747 1547 771; x_wconf 83' lang='grc' dir='ltr'>ιο</span> 
     </span>
    </p>
   </div>
   <div class='ocr_carea' id='block_1_8' title="bbox 134 788 1562 1858">
    <p class='ocr_par' dir='ltr' id='par_1_8' title="bbox 134 788 1562 1858">
     <span class='ocr_line' id='line_1_16' title="bbox 139 788 1491 843; baseline 0.001 -14"><span class='ocrx_word' id='word_1_83' title='bbox 139 788 284 829; x_wconf 80' lang='lat' dir='ltr'>lunam</span> <span class='ocrx_word' id='word_1_84' title='bbox 312 803 402 830; x_wconf 87' lang='lat' dir='ltr'>esse</span> <span class='ocrx_word' id='word_1_85' title='bbox 429 788 665 840; x_wconf 82' lang='lat' dir='ltr'>Persarum,</span> <span class='ocrx_word' id='word_1_86' title='bbox 699 789 981 843; x_wconf 83' lang='lat' dir='ltr'>quotiensque</span> <span class='ocrx_word' id='word_1_87' title='bbox 1016 790 1087 831; x_wconf 79' lang='lat' dir='ltr'>illa</span> <span class='ocrx_word' id='word_1_88' title='bbox 1115 790 1293 843; x_wconf 80' lang='lat' dir='ltr'>deficiat,</span> <span class='ocrx_word' id='word_1_89' title='bbox 1326 789 1491 831; x_wconf 89' lang='lat' dir='ltr'>ruinam</span> 
     </span>
     <span class='ocr_line' id='line_1_17' title="bbox 141 847 1494 904; baseline 0.001 -16"><span class='ocrx_word' id='word_1_90' title='bbox 141 851 413 904; x_wconf 70' lang='lat' dir='ltr'>stragemque</span> <span class='ocrx_word' id='word_1_91' title='bbox 448 847 532 889; x_wconf 89' lang='lat' dir='ltr'>illis</span> <span class='ocrx_word' id='word_1_92' title='bbox 566 848 766 904; x_wconf 79' lang='lat' dir='ltr'>gentibus</span> <span class='ocrx_word' id='word_1_93' title='bbox 798 849 1007 903; x_wconf 87' lang='lat' dir='ltr'>portendi,</span> <span class='ocrx_word' id='word_1_94' title='bbox 1041 853 1266 903; x_wconf 78' lang='lat' dir='ltr'>veteraque</span> <span class='ocrx_word' id='word_1_95' title='bbox 1301 849 1494 904; x_wconf 82' lang='lat' dir='ltr'>exempla</span> 
     </span>
     <span class='ocr_line' id='line_1_18' title="bbox 138 907 1492 964; baseline 0.001 -16"><span class='ocrx_word' id='word_1_96' title='bbox 138 911 388 961; x_wconf 79' lang='lat' dir='ltr'>percensent</span> <span class='ocrx_word' id='word_1_97' title='bbox 415 907 601 949; x_wconf 87' lang='lat' dir='ltr'>Persidis</span> <span class='ocrx_word' id='word_1_98' title='bbox 634 923 795 963; x_wconf 84' lang='lat' dir='ltr'>regum,</span> <span class='ocrx_word' id='word_1_99' title='bbox 829 923 936 962; x_wconf 82' lang='lat' dir='ltr'>quos</span> <span class='ocrx_word' id='word_1_100' title='bbox 968 909 1154 951; x_wconf 85' lang='lat' dir='ltr'>adversis</span> <span class='ocrx_word' id='word_1_101' title='bbox 1188 909 1251 949; x_wconf 87' lang='lat' dir='ltr'>dis</span> <span class='ocrx_word' id='word_1_102' title='bbox 1279 923 1492 964; x_wconf 84' lang='lat' dir='ltr'>pugnasse</span> 
     </span>
     <span class='ocr_line' id='line_1_19' title="bbox 137 967 1490 1010; baseline 0.001 -2"><span class='ocrx_word' id='word_1_103' title='bbox 137 967 261 1008; x_wconf 87' lang='lat' dir='ltr'>lunae</span> <span class='ocrx_word' id='word_1_104' title='bbox 313 967 570 1009; x_wconf 82' lang='lat' dir='ltr'>ostendisset</span> <span class='ocrx_word' id='word_1_105' title='bbox 620 967 812 1009; x_wconf 84' lang='lat' dir='ltr'>defectio.</span> <span class='ocrx_word' id='word_1_106' title='bbox 888 967 1021 1009; x_wconf 76' lang='lat' dir='ltr'>Nulla</span> <span class='ocrx_word' id='word_1_107' title='bbox 1064 984 1128 1010; x_wconf 87' lang='lat' dir='ltr'>res</span> <span class='ocrx_word' id='word_1_108' title='bbox 1175 968 1490 1010; x_wconf 86' lang='lat' dir='ltr'>multitudinem</span> 
     </span>
     <span class='ocr_line' id='line_1_20' title="bbox 137 1026 1545 1083; baseline 0.002 -16"><span class='ocrx_word' id='word_1_109' title='bbox 137 1026 351 1069; x_wconf 86' lang='lat' dir='ltr'>efficacius</span> <span class='ocrx_word' id='word_1_110' title='bbox 372 1027 483 1083; x_wconf 84' lang='lat' dir='ltr'>regit</span> <span class='ocrx_word' id='word_1_111' title='bbox 505 1042 631 1082; x_wconf 90' lang='lat' dir='ltr'>quam</span> <span class='ocrx_word' id='word_1_112' title='bbox 654 1027 918 1082; x_wconf 87' lang='lat' dir='ltr'>superstitio:</span> <span class='ocrx_word' id='word_1_113' title='bbox 941 1027 1099 1082; x_wconf 83' lang='lat' dir='ltr'>alioqui</span> <span class='ocrx_word' id='word_1_114' title='bbox 1123 1030 1334 1083; x_wconf 84' lang='lat' dir='ltr'>inpotens,</span> <span class='ocrx_word' id='word_1_115' title='bbox 1355 1043 1491 1082; x_wconf 85' lang='lat' dir='ltr'>saeva,</span> <span class='ocrx_word' id='word_1_116' title='bbox 1514 1045 1545 1070; x_wconf 71' lang='grc' dir='ltr'>ιε</span> 
     </span>
     <span class='ocr_line' id='line_1_21' title="bbox 137 1086 1491 1144; baseline 0.001 -17"><span class='ocrx_word' id='word_1_117' title='bbox 137 1086 369 1139; x_wconf 85' lang='lat' dir='ltr'>mutabilis,</span> <span class='ocrx_word' id='word_1_118' title='bbox 402 1087 475 1128; x_wconf 88' lang='lat' dir='ltr'>ubi</span> <span class='ocrx_word' id='word_1_119' title='bbox 510 1102 617 1128; x_wconf 82' lang='lat' dir='ltr'>vana</span> <span class='ocrx_word' id='word_1_120' title='bbox 643 1087 849 1144; x_wconf 83' lang='lat' dir='ltr'>religione</span> <span class='ocrx_word' id='word_1_121' title='bbox 877 1091 1000 1141; x_wconf 87' lang='lat' dir='ltr'>capta</span> <span class='ocrx_word' id='word_1_122' title='bbox 1033 1090 1107 1141; x_wconf 84' lang='lat' dir='ltr'>est,</span> <span class='ocrx_word' id='word_1_123' title='bbox 1142 1087 1294 1129; x_wconf 84' lang='lat' dir='ltr'>melius</span> <span class='ocrx_word' id='word_1_124' title='bbox 1324 1087 1491 1129; x_wconf 81' lang='lat' dir='ltr'>vatibus</span> 
     </span>
     <span class='ocr_line' id='line_1_22' title="bbox 136 1146 1491 1203; baseline 0.001 -16"><span class='ocrx_word' id='word_1_125' title='bbox 136 1162 261 1200; x_wconf 80' lang='lat' dir='ltr'>quam</span> <span class='ocrx_word' id='word_1_126' title='bbox 316 1146 495 1188; x_wconf 84' lang='lat' dir='ltr'>ducibus</span> <span class='ocrx_word' id='word_1_127' title='bbox 548 1148 634 1188; x_wconf 90' lang='lat' dir='ltr'>suis</span> <span class='ocrx_word' id='word_1_128' title='bbox 687 1150 816 1201; x_wconf 85' lang='lat' dir='ltr'>paret.</span> <span class='ocrx_word' id='word_1_129' title='bbox 891 1146 1032 1201; x_wconf 81' lang='lat' dir='ltr'>Igitur</span> <span class='ocrx_word' id='word_1_130' title='bbox 1082 1148 1193 1189; x_wconf 88' lang='lat' dir='ltr'>edita</span> <span class='ocrx_word' id='word_1_131' title='bbox 1244 1148 1287 1188; x_wconf 89' lang='lat' dir='ltr'>in</span> <span class='ocrx_word' id='word_1_132' title='bbox 1339 1148 1491 1203; x_wconf 80' lang='lat' dir='ltr'>vulgus</span> 
     </span>
     <span class='ocr_line' id='line_1_23' title="bbox 136 1206 1491 1262; baseline 0.001 -15"><span class='ocrx_word' id='word_1_133' title='bbox 136 1206 449 1262; x_wconf 78' lang='lat' dir='ltr'>Aegyptiorum</span> <span class='ocrx_word' id='word_1_134' title='bbox 498 1221 700 1261; x_wconf 82' lang='lat' dir='ltr'>responsa</span> <span class='ocrx_word' id='word_1_135' title='bbox 752 1221 896 1248; x_wconf 89' lang='lat' dir='ltr'>rursus</span> <span class='ocrx_word' id='word_1_136' title='bbox 946 1207 997 1248; x_wconf 85' lang='lat' dir='ltr'>ad</span> <span class='ocrx_word' id='word_1_137' title='bbox 1042 1222 1159 1261; x_wconf 86' lang='lat' dir='ltr'>spem</span> <span class='ocrx_word' id='word_1_138' title='bbox 1211 1211 1251 1248; x_wconf 91' lang='lat' dir='ltr'>ct</span> <span class='ocrx_word' id='word_1_139' title='bbox 1293 1207 1491 1249; x_wconf 82' lang='lat' dir='ltr'>fiduciam</span> 
     </span>
     <span class='ocr_line' id='line_1_24' title="bbox 136 1266 1562 1321; baseline 0.001 -15"><span class='ocrx_word' id='word_1_140' title='bbox 136 1281 304 1307; x_wconf 82' lang='lat' dir='ltr'>erexere</span> <span class='ocrx_word' id='word_1_141' title='bbox 351 1269 579 1320; x_wconf 85' lang='lat' dir='ltr'>torpentes.</span> <span class='ocrx_word' id='word_1_142' title='bbox 655 1266 745 1307; x_wconf 79' lang='lat' dir='ltr'>Rex</span> <span class='ocrx_word' id='word_1_143' title='bbox 792 1267 954 1321; x_wconf 88' lang='lat' dir='ltr'>impetu</span> <span class='ocrx_word' id='word_1_144' title='bbox 1002 1268 1240 1308; x_wconf 88' lang='lat' dir='ltr'>animorum</span> <span class='ocrx_word' id='word_1_145' title='bbox 1287 1267 1490 1309; x_wconf 89' lang='lat' dir='ltr'>utendum</span> <span class='ocrx_word' id='word_1_146' title='bbox 1513 1268 1562 1305; x_wconf 84' lang='lat'>40</span> 
     </span>
     <span class='ocr_line' id='line_1_25' title="bbox 136 1326 1546 1383; baseline 0.001 -16"><span class='ocrx_word' id='word_1_147' title='bbox 136 1329 251 1367; x_wconf 84' lang='lat' dir='ltr'>ratus</span> <span class='ocrx_word' id='word_1_148' title='bbox 280 1326 462 1367; x_wconf 79' lang='lat' dir='ltr'>secunda</span> <span class='ocrx_word' id='word_1_149' title='bbox 489 1326 635 1379; x_wconf 81' lang='lat' dir='ltr'>vigilia</span> <span class='ocrx_word' id='word_1_150' title='bbox 658 1329 794 1368; x_wconf 87' lang='lat' dir='ltr'>castra</span> <span class='ocrx_word' id='word_1_151' title='bbox 820 1327 970 1367; x_wconf 83' lang='lat' dir='ltr'>movit:</span> <span class='ocrx_word' id='word_1_152' title='bbox 1000 1327 1146 1368; x_wconf 76' lang='lat' dir='ltr'>dextra</span> <span class='ocrx_word' id='word_1_153' title='bbox 1173 1326 1337 1383; x_wconf 85' lang='lat' dir='ltr'>Tigrim</span> <span class='ocrx_word' id='word_1_154' title='bbox 1367 1327 1491 1368; x_wconf 88' lang='lat' dir='ltr'>habe·</span> <span class='ocrx_word' id='word_1_155' title='bbox 1512 1343 1546 1368; x_wconf 73' lang='lat'>20</span> 
     </span>
     <span class='ocr_line' id='line_1_26' title="bbox 138 1385 1490 1440; baseline 0.002 -15"><span class='ocrx_word' id='word_1_156' title='bbox 138 1386 226 1439; x_wconf 81' lang='lat' dir='ltr'>bat,</span> <span class='ocrx_word' id='word_1_157' title='bbox 268 1401 292 1426; x_wconf 90' lang='lat' dir='ltr'>a</span> <span class='ocrx_word' id='word_1_158' title='bbox 334 1385 452 1426; x_wconf 77' lang='lat' dir='ltr'>laeva</span> <span class='ocrx_word' id='word_1_159' title='bbox 494 1389 677 1439; x_wconf 78' lang='lat' dir='ltr'>montes,</span> <span class='ocrx_word' id='word_1_160' title='bbox 721 1400 827 1440; x_wconf 88' lang='lat' dir='ltr'>quos</span> <span class='ocrx_word' id='word_1_161' title='bbox 871 1385 1115 1440; x_wconf 71' lang='lat' dir='ltr'>Gordyaeos</span> <span class='ocrx_word' id='word_1_162' title='bbox 1159 1390 1323 1429; x_wconf 89' lang='lat' dir='ltr'>vocant.</span> <span class='ocrx_word' id='word_1_163' title='bbox 1397 1385 1490 1428; x_wconf 90' lang='lat' dir='ltr'>Hoc</span> 
     </span>
     <span class='ocr_line' id='line_1_27' title="bbox 135 1445 1489 1500; baseline 0.001 -15"><span class='ocrx_word' id='word_1_164' title='bbox 135 1445 336 1499; x_wconf 77' lang='lat' dir='ltr'>ingressis</span> <span class='ocrx_word' id='word_1_165' title='bbox 380 1446 460 1487; x_wconf 89' lang='lat' dir='ltr'>iter</span> <span class='ocrx_word' id='word_1_166' title='bbox 503 1446 809 1500; x_wconf 77' lang='lat' dir='ltr'>speculatores,</span> <span class='ocrx_word' id='word_1_167' title='bbox 853 1446 923 1499; x_wconf 83' lang='lat' dir='ltr'>qui</span> <span class='ocrx_word' id='word_1_168' title='bbox 968 1446 1189 1500; x_wconf 84' lang='lat' dir='ltr'>praemissi</span> <span class='ocrx_word' id='word_1_169' title='bbox 1233 1450 1370 1499; x_wconf 87' lang='lat' dir='ltr'>erant,</span> <span class='ocrx_word' id='word_1_170' title='bbox 1412 1446 1489 1487; x_wconf 81' lang='lat' dir='ltr'>sub</span> 
     </span>
     <span class='ocr_line' id='line_1_28' title="bbox 135 1504 1489 1547; baseline 0.001 -1"><span class='ocrx_word' id='word_1_171' title='bbox 135 1505 242 1546; x_wconf 89' lang='lat' dir='ltr'>lucis</span> <span class='ocrx_word' id='word_1_172' title='bbox 269 1508 411 1546; x_wconf 89' lang='lat' dir='ltr'>ortum</span> <span class='ocrx_word' id='word_1_173' title='bbox 434 1505 618 1546; x_wconf 84' lang='lat' dir='ltr'>Dareum</span> <span class='ocrx_word' id='word_1_174' title='bbox 647 1505 875 1546; x_wconf 79' lang='lat' dir='ltr'>adventare</span> <span class='ocrx_word' id='word_1_175' title='bbox 895 1506 1212 1547; x_wconf 80' lang='lat' dir='ltr'>nuntiaverunt.</span> <span class='ocrx_word' id='word_1_176' title='bbox 1275 1504 1489 1547; x_wconf 85' lang='lat' dir='ltr'>Instructo</span> 
     </span>
     <span class='ocr_line' id='line_1_29' title="bbox 136 1564 1489 1620; baseline 0 -15"><span class='ocrx_word' id='word_1_177' title='bbox 136 1564 267 1620; x_wconf 90' lang='lat' dir='ltr'>igitur</span> <span class='ocrx_word' id='word_1_178' title='bbox 305 1564 441 1605; x_wconf 89' lang='lat' dir='ltr'>milite</span> <span class='ocrx_word' id='word_1_179' title='bbox 487 1568 528 1606; x_wconf 89' lang='lat' dir='ltr'>et</span> <span class='ocrx_word' id='word_1_180' title='bbox 572 1565 794 1619; x_wconf 88' lang='lat' dir='ltr'>conposito</span> <span class='ocrx_word' id='word_1_181' title='bbox 837 1566 1006 1620; x_wconf 86' lang='lat' dir='ltr'>agmine</span> <span class='ocrx_word' id='word_1_182' title='bbox 1046 1565 1331 1608; x_wconf 82' lang='lat' dir='ltr'>antecedebat.</span> <span class='ocrx_word' id='word_1_183' title='bbox 1408 1564 1489 1607; x_wconf 86' lang='lat' dir='ltr'>Sed</span> 
     </span>
     <span class='ocr_line' id='line_1_30' title="bbox 134 1623 1543 1679; baseline 0 -14"><span class='ocrx_word' id='word_1_184' title='bbox 134 1624 356 1665; x_wconf 79' lang='lat' dir='ltr'>Persarum</span> <span class='ocrx_word' id='word_1_185' title='bbox 399 1627 631 1665; x_wconf 88' lang='lat' dir='ltr'>moratores</span> <span class='ocrx_word' id='word_1_186' title='bbox 672 1628 807 1677; x_wconf 88' lang='lat' dir='ltr'>erant,</span> <span class='ocrx_word' id='word_1_187' title='bbox 848 1623 964 1665; x_wconf 87' lang='lat' dir='ltr'>mille</span> <span class='ocrx_word' id='word_1_188' title='bbox 1002 1626 1153 1678; x_wconf 85' lang='lat' dir='ltr'>ferme,</span> <span class='ocrx_word' id='word_1_189' title='bbox 1193 1625 1264 1679; x_wconf 87' lang='lat' dir='ltr'>qui</span> <span class='ocrx_word' id='word_1_190' title='bbox 1305 1625 1486 1679; x_wconf 89' lang='lat' dir='ltr'>speciem</span> <span class='ocrx_word' id='word_1_191' title='bbox 1509 1640 1543 1665; x_wconf 79' lang='lat'>25</span> 
     </span>
     <span class='ocr_line' id='line_1_31' title="bbox 135 1684 1489 1740; baseline 0.001 -16"><span class='ocrx_word' id='word_1_192' title='bbox 135 1685 277 1739; x_wconf 80' lang='lat' dir='ltr'>magni</span> <span class='ocrx_word' id='word_1_193' title='bbox 321 1684 504 1740; x_wconf 86' lang='lat' dir='ltr'>agminis</span> <span class='ocrx_word' id='word_1_194' title='bbox 545 1684 755 1725; x_wconf 80' lang='lat' dir='ltr'>fecerant:</span> <span class='ocrx_word' id='word_1_195' title='bbox 805 1684 963 1738; x_wconf 87' lang='lat' dir='ltr'>quippe</span> <span class='ocrx_word' id='word_1_196' title='bbox 1019 1684 1090 1725; x_wconf 87' lang='lat' dir='ltr'>ubi</span> <span class='ocrx_word' id='word_1_197' title='bbox 1133 1684 1344 1739; x_wconf 83' lang='lat' dir='ltr'>explorari</span> <span class='ocrx_word' id='word_1_198' title='bbox 1392 1699 1489 1726; x_wconf 82' lang='lat' dir='ltr'>vera</span> 
     </span>
     <span class='ocr_line' id='line_1_32' title="bbox 134 1743 1487 1799; baseline 0.001 -15"><span class='ocrx_word' id='word_1_199' title='bbox 134 1757 221 1784; x_wconf 90' lang='lat' dir='ltr'>non</span> <span class='ocrx_word' id='word_1_200' title='bbox 253 1746 447 1798; x_wconf 82' lang='lat' dir='ltr'>possunt,</span> <span class='ocrx_word' id='word_1_201' title='bbox 477 1743 585 1784; x_wconf 81' lang='lat' dir='ltr'>falsa</span> <span class='ocrx_word' id='word_1_202' title='bbox 619 1758 693 1798; x_wconf 91' lang='lat' dir='ltr'>per</span> <span class='ocrx_word' id='word_1_203' title='bbox 721 1746 880 1784; x_wconf 88' lang='lat' dir='ltr'>metum</span> <span class='ocrx_word' id='word_1_204' title='bbox 914 1747 1136 1799; x_wconf 86' lang='lat' dir='ltr'>augentur.</span> <span class='ocrx_word' id='word_1_205' title='bbox 1198 1743 1277 1785; x_wconf 89' lang='lat' dir='ltr'>His</span> <span class='ocrx_word' id='word_1_206' title='bbox 1305 1744 1487 1799; x_wconf 85' lang='lat' dir='ltr'>cognitis</span> 
     </span>
     <span class='ocr_line' id='line_1_33' title="bbox 136 1803 1487 1858; baseline 0.001 -15"><span class='ocrx_word' id='word_1_207' title='bbox 136 1817 206 1844; x_wconf 82' lang='lat' dir='ltr'>rex</span> <span class='ocrx_word' id='word_1_208' title='bbox 242 1818 335 1844; x_wconf 86' lang='lat' dir='ltr'>cum</span> <span class='ocrx_word' id='word_1_209' title='bbox 372 1804 517 1857; x_wconf 85' lang='lat' dir='ltr'>paucis</span> <span class='ocrx_word' id='word_1_210' title='bbox 552 1818 723 1844; x_wconf 89' lang='lat' dir='ltr'>suorum</span> <span class='ocrx_word' id='word_1_211' title='bbox 753 1803 976 1844; x_wconf 82' lang='lat' dir='ltr'>adsecutus</span> <span class='ocrx_word' id='word_1_212' title='bbox 1004 1818 1158 1858; x_wconf 85' lang='lat' dir='ltr'>agmen</span> <span class='ocrx_word' id='word_1_213' title='bbox 1185 1803 1487 1857; x_wconf 83' lang='lat' dir='ltr'>refugientium</span> 
     </span>
    </p>
   </div>
   <div class='ocr_carea' id='block_1_9' title="bbox 133 1919 1488 2394">
    <p class='ocr_par' dir='ltr' id='par_1_9' title="bbox 133 1919 1488 2394">
     <span class='ocr_line' id='line_1_34' title="bbox 231 1919 1488 1965; baseline 0 -12"><span class='ocrx_word' id='word_1_214' title='bbox 231 1924 245 1953; x_wconf 93' lang='grc'><strong>1</strong></span> <span class='ocrx_word' id='word_1_215' title='bbox 281 1919 507 1965; x_wconf 73' lang='lat' dir='ltr'>Philippum]</span> <span class='ocrx_word' id='word_1_216' title='bbox 532 1920 698 1964; x_wconf 78' lang='lat' dir='ltr'>tilippmu</span> <span class='ocrx_word' id='word_1_217' title='bbox 721 1924 752 1953; x_wconf 88' lang='lat' dir='ltr'>c.</span> <span class='ocrx_word' id='word_1_218' title='bbox 829 1924 847 1953; x_wconf 75' lang='lat'>2</span> <span class='ocrx_word' id='word_1_219' title='bbox 876 1922 999 1964; x_wconf 74' lang='lat' dir='ltr'>petere</span> <span class='ocrx_word' id='word_1_220' title='bbox 1031 1931 1163 1965; x_wconf 80' lang='lat' dir='ltr'>regem</span> <span class='ocrx_word' id='word_1_221' title='bbox 1193 1921 1337 1965; x_wconf 62' lang='lat' dir='ltr'>scripsi:</span> <span class='ocrx_word' id='word_1_222' title='bbox 1364 1923 1488 1965; x_wconf 83' lang='lat' dir='ltr'>petere</span> 
     </span>
     <span class='ocr_line' id='line_1_35' title="bbox 134 1967 1477 2013; baseline 0 -12"><span class='ocrx_word' id='word_1_223' title='bbox 134 1968 204 2001; x_wconf 84' lang='lat' dir='ltr'>iam</span> <span class='ocrx_word' id='word_1_224' title='bbox 223 1971 260 2000; x_wconf 77' lang='lat' dir='ltr'>A.</span> <span class='ocrx_word' id='word_1_225' title='bbox 337 1968 536 2013; x_wconf 74' lang='lat' dir='ltr'>seditione]</span> <span class='ocrx_word' id='word_1_226' title='bbox 558 1967 778 2002; x_wconf 81' lang='lat' dir='ltr'>seditionem</span> <span class='ocrx_word' id='word_1_227' title='bbox 800 1971 825 2000; x_wconf 88' lang='lat' dir='ltr'>P</span> <span class='ocrx_word' id='word_1_228' title='bbox 847 1980 876 2001; x_wconf 83' lang='lat' dir='ltr'>m</span> <span class='ocrx_word' id='word_1_229' title='bbox 904 1979 960 2012; x_wconf 73' lang='lat' dir='ltr'>pr.</span> <span class='ocrx_word' id='word_1_230' title='bbox 1038 1972 1056 2001; x_wconf 84' lang='grc'>6</span> <span class='ocrx_word' id='word_1_231' title='bbox 1082 1968 1185 2002; x_wconf 79' lang='lat' dir='ltr'>iubet</span> <span class='ocrx_word' id='word_1_232' title='bbox 1205 1969 1270 2001; x_wconf 66' lang='lat' dir='ltr'>del.</span> <span class='ocrx_word' id='word_1_233' title='bbox 1295 1969 1477 2002; x_wconf 64' lang='lat' dir='ltr'>Ii&#39;inchr&#39;ns</span> 
     </span>
     <span class='ocr_line' id='line_1_36' title="bbox 134 2015 1487 2060; baseline 0 -11"><span class='ocrx_word' id='word_1_234' title='bbox 134 2024 152 2045; x_wconf 52' lang='grc' dir='ltr'>Ν</span> <span class='ocrx_word' id='word_1_235' title='bbox 176 2016 326 2059; x_wconf 70' lang='lat' dir='ltr'>terram!</span> <span class='ocrx_word' id='word_1_236' title='bbox 353 2019 449 2049; x_wconf 85' lang='lat' dir='ltr'>terra</span> <span class='ocrx_word' id='word_1_237' title='bbox 477 2019 515 2048; x_wconf 88' lang='lat' dir='ltr'>V.</span> <span class='ocrx_word' id='word_1_238' title='bbox 611 2019 630 2048; x_wconf 72' lang='lat'>9</span> <span class='ocrx_word' id='word_1_239' title='bbox 658 2015 750 2059; x_wconf 79' lang='lat' dir='ltr'>sole}</span> <span class='ocrx_word' id='word_1_240' title='bbox 777 2015 889 2049; x_wconf 80' lang='lat' dir='ltr'>solem</span> <span class='ocrx_word' id='word_1_241' title='bbox 911 2019 971 2048; x_wconf 85' lang='lat' dir='ltr'>FL</span> <span class='ocrx_word' id='word_1_242' title='bbox 991 2027 1034 2049; x_wconf 83' lang='lat' dir='ltr'>m.</span> <span class='ocrx_word' id='word_1_243' title='bbox 1052 2027 1109 2059; x_wconf 73' lang='lat' dir='ltr'>pr.</span> <span class='ocrx_word' id='word_1_244' title='bbox 1131 2019 1170 2048; x_wconf 86' lang='lat' dir='ltr'>V.</span> <span class='ocrx_word' id='word_1_245' title='bbox 1259 2017 1487 2060; x_wconf 70' lang='lat' dir='ltr'>perceptam!</span> 
     </span>
     <span class='ocr_line' id='line_1_37' title="bbox 133 2063 1487 2107; baseline 0.002 -12"><span class='ocrx_word' id='word_1_246' title='bbox 133 2065 369 2107; x_wconf 82' lang='lat' dir='ltr'>praeceptam</span> <span class='ocrx_word' id='word_1_247' title='bbox 403 2067 439 2097; x_wconf 89' lang='lat' dir='ltr'>L.</span> <span class='ocrx_word' id='word_1_248' title='bbox 589 2067 628 2096; x_wconf 93' lang='grc'>11</span> <span class='ocrx_word' id='word_1_249' title='bbox 664 2063 910 2106; x_wconf 79' lang='lat' dir='ltr'>quot-iensque</span> <span class='ocrx_word' id='word_1_250' title='bbox 938 2065 963 2096; x_wconf 89' lang='lat' dir='ltr'>B</span> <span class='ocrx_word' id='word_1_251' title='bbox 1001 2076 1041 2096; x_wconf 83' lang='lat' dir='ltr'>m.</span> <span class='ocrx_word' id='word_1_252' title='bbox 1071 2074 1152 2098; x_wconf 57' lang='lat' dir='ltr'>secu:</span> <span class='ocrx_word' id='word_1_253' title='bbox 1195 2063 1415 2106; x_wconf 81' lang='lat' dir='ltr'>quotiesque</span> <span class='ocrx_word' id='word_1_254' title='bbox 1448 2067 1487 2098; x_wconf 81' lang='lat' dir='ltr'>A.</span> 
     </span>
     <span class='ocr_line' id='line_1_38' title="bbox 138 2110 1488 2156; baseline 0 -12"><span class='ocrx_word' id='word_1_255' title='bbox 138 2116 178 2144; x_wconf 74' lang='lat'>15</span> <span class='ocrx_word' id='word_1_256' title='bbox 207 2111 410 2156; x_wconf 74' lang='lat' dir='ltr'>efficacius]</span> <span class='ocrx_word' id='word_1_257' title='bbox 443 2110 627 2144; x_wconf 74' lang='lat' dir='ltr'>efficatius</span> <span class='ocrx_word' id='word_1_258' title='bbox 660 2114 695 2144; x_wconf 82' lang='lat' dir='ltr'>P.</span> <span class='ocrx_word' id='word_1_259' title='bbox 843 2110 983 2155; x_wconf 81' lang='lat' dir='ltr'>alioqui</span> <span class='ocrx_word' id='word_1_260' title='bbox 1009 2114 1035 2143; x_wconf 88' lang='lat' dir='ltr'>P</span> <span class='ocrx_word' id='word_1_261' title='bbox 1063 2123 1104 2144; x_wconf 84' lang='lat' dir='ltr'>m.</span> <span class='ocrx_word' id='word_1_262' title='bbox 1128 2122 1203 2154; x_wconf 58' lang='lat' dir='ltr'>pin:</span> <span class='ocrx_word' id='word_1_263' title='bbox 1237 2110 1402 2153; x_wconf 73' lang='lat' dir='ltr'>alioquin</span> <span class='ocrx_word' id='word_1_264' title='bbox 1431 2115 1488 2144; x_wconf 78' lang='grc' dir='ltr'>ΟΡ</span> 
     </span>
     <span class='ocr_line' id='line_1_39' title="bbox 136 2157 1486 2203; baseline 0.001 -12"><span class='ocrx_word' id='word_1_265' title='bbox 136 2171 177 2191; x_wconf 87' lang='lat' dir='ltr'>m.</span> <span class='ocrx_word' id='word_1_266' title='bbox 199 2170 262 2193; x_wconf 65' lang='lat' dir='ltr'>sec.</span> <span class='ocrx_word' id='word_1_267' title='bbox 377 2163 418 2191; x_wconf 84' lang='grc'>16</span> <span class='ocrx_word' id='word_1_268' title='bbox 446 2159 555 2203; x_wconf 75' lang='lat' dir='ltr'>vana]</span> <span class='ocrx_word' id='word_1_269' title='bbox 585 2170 656 2192; x_wconf 87' lang='lat' dir='ltr'>una</span> <span class='ocrx_word' id='word_1_270' title='bbox 682 2161 708 2191; x_wconf 88' lang='lat' dir='ltr'>B</span> <span class='ocrx_word' id='word_1_271' title='bbox 737 2170 778 2192; x_wconf 84' lang='lat' dir='ltr'>m.</span> <span class='ocrx_word' id='word_1_272' title='bbox 799 2170 853 2202; x_wconf 76' lang='lat' dir='ltr'>pr.</span> <span class='ocrx_word' id='word_1_273' title='bbox 967 2161 1009 2192; x_wconf 86' lang='lat'>18</span> <span class='ocrx_word' id='word_1_274' title='bbox 1037 2157 1225 2203; x_wconf 78' lang='lat' dir='ltr'>fiduciam]</span> <span class='ocrx_word' id='word_1_275' title='bbox 1255 2158 1422 2192; x_wconf 79' lang='lat' dir='ltr'>fidutiam</span> <span class='ocrx_word' id='word_1_276' title='bbox 1450 2162 1486 2192; x_wconf 79' lang='lat' dir='ltr'>F.</span> 
     </span>
     <span class='ocr_line' id='line_1_40' title="bbox 135 2205 1486 2251; baseline 0.001 -13"><span class='ocrx_word' id='word_1_277' title='bbox 135 2210 177 2238; x_wconf 72' lang='lat'>20</span> <span class='ocrx_word' id='word_1_278' title='bbox 211 2205 369 2251; x_wconf 63' lang='lat' dir='ltr'>Tigrim]</span> <span class='ocrx_word' id='word_1_279' title='bbox 402 2205 538 2250; x_wconf 69' lang='lat' dir='ltr'>tygrim</span> <span class='ocrx_word' id='word_1_280' title='bbox 572 2210 603 2240; x_wconf 89' lang='lat' dir='ltr'>C.</span> <span class='ocrx_word' id='word_1_281' title='bbox 752 2209 792 2240; x_wconf 79' lang='lat'>21</span> <span class='ocrx_word' id='word_1_282' title='bbox 829 2205 1041 2249; x_wconf 67' lang='lat' dir='ltr'>Gordyaeos</span> <span class='ocrx_word' id='word_1_283' title='bbox 1073 2206 1223 2250; x_wconf 58' lang='lat' dir='ltr'>(vespm-2</span> <span class='ocrx_word' id='word_1_284' title='bbox 1263 2206 1415 2239; x_wconf 80' lang='lat' dir='ltr'>cordeos</span> <span class='ocrx_word' id='word_1_285' title='bbox 1447 2209 1486 2240; x_wconf 78' lang='lat' dir='ltr'>A.</span> 
     </span>
     <span class='ocr_line' id='line_1_41' title="bbox 135 2253 1487 2298; baseline 0 -11"><span class='ocrx_word' id='word_1_286' title='bbox 135 2258 177 2287; x_wconf 78' lang='lat'>:32</span> <span class='ocrx_word' id='word_1_287' title='bbox 206 2253 381 2295; x_wconf 71' lang='lat' dir='ltr'>ingressis</span> <span class='ocrx_word' id='word_1_288' title='bbox 415 2254 625 2297; x_wconf 72' lang='lat' dir='ltr'>Zumptius:</span> <span class='ocrx_word' id='word_1_289' title='bbox 666 2253 853 2297; x_wconf 75' lang='lat' dir='ltr'>ingressus</span> <span class='ocrx_word' id='word_1_290' title='bbox 879 2256 918 2286; x_wconf 78' lang='lat' dir='ltr'>A.</span> <span class='ocrx_word' id='word_1_291' title='bbox 1042 2256 1085 2286; x_wconf 81' lang='lat'>:23</span> <span class='ocrx_word' id='word_1_292' title='bbox 1118 2254 1256 2298; x_wconf 71' lang='lat' dir='ltr'>ortum}</span> <span class='ocrx_word' id='word_1_293' title='bbox 1288 2253 1434 2287; x_wconf 85' lang='lat' dir='ltr'>hortum</span> <span class='ocrx_word' id='word_1_294' title='bbox 1462 2256 1487 2287; x_wconf 89' lang='lat' dir='ltr'>B</span> 
     </span>
     <span class='ocr_line' id='line_1_42' title="bbox 135 2300 1487 2347; baseline 0.001 -14"><span class='ocrx_word' id='word_1_295' title='bbox 135 2314 177 2334; x_wconf 82' lang='lat' dir='ltr'>m.</span> <span class='ocrx_word' id='word_1_296' title='bbox 197 2313 252 2344; x_wconf 70' lang='lat' dir='ltr'>pr.</span> <span class='ocrx_word' id='word_1_297' title='bbox 354 2305 395 2334; x_wconf 73' lang='lat'>24</span> <span class='ocrx_word' id='word_1_298' title='bbox 424 2301 686 2346; x_wconf 86' lang='lat' dir='ltr'>antecedebat]</span> <span class='ocrx_word' id='word_1_299' title='bbox 713 2300 982 2335; x_wconf 70' lang='lat' dir='ltr'>antece-debant</span> <span class='ocrx_word' id='word_1_300' title='bbox 1010 2304 1034 2333; x_wconf 89' lang='lat' dir='ltr'>P</span> <span class='ocrx_word' id='word_1_301' title='bbox 1062 2312 1104 2334; x_wconf 83' lang='lat' dir='ltr'>m.</span> <span class='ocrx_word' id='word_1_302' title='bbox 1123 2312 1179 2344; x_wconf 75' lang='lat' dir='ltr'>pr.</span> <span class='ocrx_word' id='word_1_303' title='bbox 1291 2305 1334 2335; x_wconf 71' lang='lat'>:16</span> <span class='ocrx_word' id='word_1_304' title='bbox 1362 2301 1487 2347; x_wconf 87' lang='lat' dir='ltr'>magni</span> 
     </span>
     <span class='ocr_line' id='line_1_43' title="bbox 133 2348 712 2394; baseline -0.003 -11"><span class='ocrx_word' id='word_1_305' title='bbox 133 2348 307 2393; x_wconf 68' lang='lat' dir='ltr'>agminis}</span> <span class='ocrx_word' id='word_1_306' title='bbox 337 2348 496 2394; x_wconf 75' lang='lat' dir='ltr'>agminis</span> <span class='ocrx_word' id='word_1_307' title='bbox 523 2348 650 2394; x_wconf 82' lang='lat' dir='ltr'>magni</span> <span class='ocrx_word' id='word_1_308' title='bbox 678 2352 712 2381; x_wconf 80' lang='lat' dir='ltr'>F.</span> 
     </span>
    </p>
   </div>
  </div>
 </body>
</html>
