1610 2522
53 245 96 275 15

52 540 94 571 16

53 896 95 927 18

54 1432 97 1462 20

55 1610 95 1640 21

123 124 209 165 380
629 122 669 165 Q.
696 121 841 159 CURTI
867 121 982 156 RUFI

122 233 384 274 sectaverant
416 231 524 273 nihil
556 232 608 272 ad
636 233 750 286 ipsos
777 231 995 286 pertinens
1022 245 1211 286 regnum.
1263 230 1312 272 In
1338 231 1480 273 eadem

125 292 250 334 domo
283 292 531 346 familiaque
564 292 732 345 imperii
766 291 876 331 vires
909 305 1176 331 remansuras
1210 305 1300 332 esse
1330 291 1480 347 gaude-

123 351 243 392 bant:
282 351 585 392 hereditarium
624 351 849 405 imperium
889 349 1065 404 stirpem
1106 351 1265 405 regiam
1299 350 1482 392 vindica-

123 414 278 452 turam:
313 411 510 451 adsuetos
544 425 633 451 esse
666 423 820 451 nomen
854 410 993 463 ipsum
1027 411 1163 451 colere
1196 410 1482 464 venerarique,

122 484 199 511 nec
245 484 497 524 quemquam
543 469 585 510 id
632 483 781 524 capere
819 469 900 509 nisi
941 469 1151 524 genitum,
1197 473 1243 509 ut
1275 472 1482 524 regnaret.
1520 486 1536 511 5

122 528 261 583 Igitur
282 528 482 570 Perdicca
514 529 687 570 territus
715 529 927 581 conclave,
959 528 1003 569 in
1031 543 1115 583 quo
1138 528 1368 570 Alexandri
1395 542 1483 570 cor·
1503 530 1553 566 24

124 604 201 642 pus
236 588 411 642 iacebat,
445 588 633 629 obserari
667 588 801 629 iubet:
835 598 895 628 DC
929 601 1024 629 cum
1057 587 1150 642 ipso
1178 592 1298 628 erant
1324 590 1483 642 specta-

122 652 189 688 tae
217 647 398 701 virtutis,
426 647 700 689 Ptolomaeus
727 661 897 701 quoque
924 661 967 687 se
994 646 1245 688 adiunxerat
1271 648 1308 688 ei
1334 661 1483 702 puero-

122 722 299 761 rumque
338 707 455 762 regia
493 706 656 748 cohors.
721 705 915 747 Ceterum
957 705 1069 747 haud
1103 706 1334 748 difficulter
1365 721 1388 746 a
1419 708 1485 748 tot

123 767 297 807 milibus
342 770 599 808 armatorum
648 765 831 807 claustra
875 765 1086 819 perfracta
1131 769 1240 807 sunt.
1309 765 1367 807 Et
1410 780 1485 807 rex
1505 782 1538 808 ιο

123 841 293 880 quoque
337 827 558 883 inruperat
603 825 784 879 stipatus
831 826 1063 867 satellitum
1108 825 1251 878 turba,
1302 840 1481 879 quorum

123 886 320 940 princeps
352 885 566 940 Meleager
598 885 704 926 ibat:
739 885 881 939 itaque
915 883 1117 927 Perdicca
1148 884 1246 938 hos,
1283 885 1354 939 qui
1389 884 1485 925 Ale-

123 945 274 986 xandri
307 959 460 998 corpus
493 944 605 985 tueri
639 946 809 997 vellent,
843 947 1023 985 sevocat.
1088 943 1180 997 Sed,
1215 945 1287 998 qui
1318 944 1484 999 inrupe-

122 1007 235 1057 rant,
275 1005 437 1045 eminus
478 1004 562 1045 tela
594 1004 636 1044 in
671 1004 811 1058 ipsum
845 1003 1066 1044 iaciebant.
1129 1003 1363 1058 Multisque
1396 1004 1484 1044 vul-

122 1064 279 1104 neratis
324 1064 495 1104 tandem
540 1063 725 1104 seniores
770 1063 954 1117 demptis
992 1063 1144 1118 galeis,
1189 1077 1273 1117 quo
1315 1062 1483 1104 facilius
1506 1078 1537 1104 15

121 1124 242 1165 nosci
287 1125 478 1177 possent,
522 1122 683 1177 precari
729 1136 818 1173 eos,
865 1123 938 1176 qui
979 1136 1075 1163 cum
1114 1121 1314 1165 Perdicca
1353 1125 1484 1175 erant,

123 1197 310 1236 coepere,
344 1185 391 1223 ut
425 1182 678 1223 absisterent
711 1182 823 1223 bello
857 1182 1034 1237 regique
1067 1184 1107 1223 et
1139 1181 1336 1236 pluribus
1369 1181 1483 1222 cede-

124 1246 229 1283 rent.
293 1242 461 1283 Primus
493 1241 694 1283 Perdicca
726 1256 843 1282 arma
875 1241 1090 1295 deposuit,
1129 1241 1342 1295 ceterique
1373 1240 1484 1282 idem

124 1300 271 1343 fecere.
334 1300 549 1357 Meleagro
589 1301 738 1342 deinde
777 1300 997 1354 suadente,
1041 1315 1092 1341 ne
1126 1314 1150 1340 a
1182 1314 1356 1354 corpore
1388 1299 1484 1341 Ale-

125 1361 275 1402 xandri
316 1360 598 1414 discederent,
641 1360 806 1402 insidiis
848 1359 989 1401 locum
1025 1360 1172 1413 quaeri
1205 1361 1286 1400 rati
1319 1359 1485 1401 diversa
1504 1375 1538 1400 20

125 1421 265 1474 regiae
304 1423 423 1474 parte
462 1420 514 1460 ad
546 1419 797 1474 Euphraten
830 1420 976 1475 fugam
1008 1419 1247 1460 intendunt.
1309 1418 1485 1473 Equita-

125 1483 205 1532 tus,
239 1480 310 1534 qui
345 1495 395 1520 ex
423 1479 702 1521 nobilissimis
736 1479 938 1520 iuvenum
972 1479 1208 1531 constabat,
1240 1477 1485 1520 Perdiccam

125 1542 166 1580 et
197 1539 461 1580 Leonnatum
506 1540 704 1592 frequens
738 1538 1013 1592 sequebatur,
1057 1538 1336 1592 placebatque
1369 1551 1484 1579 exce-

127 1599 223 1640 dere
256 1598 360 1639 urbe
393 1602 434 1639 et
466 1598 640 1639 tendere
673 1597 717 1639 in
750 1598 921 1652 campis.
987 1596 1069 1638 Sed
1102 1597 1304 1639 Perdicca
1334 1611 1386 1638 ne
1415 1611 1484 1651 pe-

126 1658 233 1698 dites
280 1658 449 1712 quidem
490 1661 710 1699 secuturos
753 1658 893 1712 ipsum
928 1656 1193 1711 desperabat:
1227 1657 1390 1710 itaque,
1433 1670 1538 1697 11635

223 1767 238 1795 1
263 1762 407 1807 eadem]
423 1762 553 1796 eodem
567 1766 592 1795 L
609 1774 719 1806 mpr.
797 1766 815 1795 3
839 1761 1119 1807 hereditarium]
1136 1760 1360 1795 hereditario
1371 1763 1412 1794 V.

125 1810 294 1855 stirpem]
323 1812 488 1854 styrpem
515 1813 551 1853 Ε.
639 1813 658 1843 6
687 1809 878 1855 conclave]
907 1809 1122 1843 conclauem
1149 1812 1186 1842 B.
1275 1812 1292 1841 7
1320 1807 1485 1842 obserari

126 1858 348 1892 Palma-ms:
377 1857 567 1891 obseruari
594 1860 632 1890 A.
732 1861 753 1891 8
780 1856 1016 1891 Ptolomaeus
1041 1858 1188 1900 scripsi:
1222 1855 1432 1900 ptolomeus
1458 1857 1485 1888 P

125 1917 169 1939 m.
198 1917 255 1948 μν.
285 1908 332 1946 V,
369 1904 605 1948 ptholomeus
641 1907 745 1938 BLP.
892 1904 1129 1949 adiunxerat]
1167 1904 1409 1937 adiuncxerat
1443 1905 1482 1935 V.

126 1956 145 1986 9
174 1952 319 1997 cohors]
348 1952 477 1986 choors
499 1955 537 1985 V.
613 1951 729 1995 haud]
751 1954 814 1985 aut
836 1955 871 1985 P.
948 1963 969 1985 a
995 1952 1066 1997 tot]
1095 1952 1141 1985 ad
1162 1953 1219 1985 tot
1239 1954 1278 1984 V.
1355 1955 1394 1984 11
1419 1949 1484 1983 sti-

126 2000 251 2045 patus]
281 1999 439 2043 stipatos
466 2003 502 2032 P.
602 1998 825 2044 satellitum]
853 1998 1062 2033 satellicum
1084 2003 1119 2033 P.
1221 2002 1262 2032 12
1290 1997 1385 2031 ibat:
1413 1997 1484 2030 ita-

126 2058 197 2091 que
223 2048 370 2091 seripsi:
398 2047 588 2090 iratusque
617 2050 655 2079 A.
738 2046 821 2092 hos]
849 2046 917 2080 hoc
943 2051 980 2088 P,
1007 2057 1046 2080 os
1073 2049 1102 2078 V
1120 2058 1165 2080 m.
1181 2057 1240 2089 pr.
1330 2047 1372 2078 13
1400 2043 1482 2085 Sed,

125 2095 190 2138 qui
215 2099 248 2128 1:
277 2094 381 2138 sequi
409 2099 442 2134 c,
469 2094 574 2138 sequi
601 2094 663 2138 qui
691 2097 726 2127 P.
829 2098 869 2127 14
898 2093 1102 2139 iaciebant]
1128 2093 1301 2127 iacebant
1326 2095 1362 2129 P,
1393 2091 1483 2125 iaci-

125 2142 215 2176 bant
242 2146 282 2183 V,
311 2141 485 2176 ia*ebant
512 2145 537 2174 L
559 2154 676 2186 mpr.
779 2145 821 2174 15
849 2141 1026 2186 demptis]
1054 2140 1177 2175 dentis
1203 2144 1239 2173 P.
1340 2143 1381 2173 16
1409 2149 1483 2181 eos,

125 2190 189 2233 qui
216 2193 257 2223 P:
286 2190 352 2232 qui
381 2193 412 2222 c.
514 2193 555 2223 17
584 2188 754 2234 coepere]
782 2198 910 2232 cepere
937 2192 1009 2221 PV.
1111 2191 1154 2222 18
1181 2186 1374 2232 Perdicca]
1400 2197 1482 2230 per-

126 2237 209 2271 dica
235 2241 271 2270 P.
420 2240 461 2270 19
489 2237 625 2282 fecere]
656 2236 777 2270 facere
804 2239 829 2268 P
851 2248 892 2270 m.
910 2247 968 2279 pr.
1116 2234 1320 2279 Meleagro]
1347 2233 1483 2268 melea-

125 2296 231 2329 grum
253 2287 291 2317 V.
439 2284 499 2329 ne]
526 2295 584 2318 me
610 2287 650 2317 V.
799 2286 841 2317 20
870 2283 1120 2328 discederent]
1153 2281 1419 2316 descenderent
1445 2285 1481 2315 P.

126 2335 169 2365 22
204 2331 435 2377 Perdiccam]
468 2331 660 2376 perdicam
686 2335 710 2364 L
739 2344 780 2364 m.
799 2342 855 2374 pr.
987 2335 1030 2364 2²4
1058 2329 1251 2375 Perdicca]
1278 2328 1431 2373 perdica
1456 2331 1482 2361 1.

126 2391 168 2413 m.
186 2391 244 2422 pr.
344 2379 506 2424 pedites]
534 2379 671 2423 petitas
698 2382 733 2412 P.
