<?xml version="1.0" encoding="UTF-8"?>
<!DOCTYPE html PUBLIC "-//W3C//DTD XHTML 1.0 Transitional//EN"
    "http://www.w3.org/TR/xhtml1/DTD/xhtml1-transitional.dtd">
<html xmlns="http://www.w3.org/1999/xhtml" xml:lang="en" lang="en">
 <head>
  <title>
</title>
<meta http-equiv="Content-Type" content="text/html;charset=utf-8" />
  <meta name='ocr-system' content='tesseract 3.04.00' />
  <meta name='ocr-capabilities' content='ocr_page ocr_carea ocr_par ocr_line ocrx_word'/>
</head>
<body>
  <div class='ocr_page' id='page_1' title='image "./historiaealexand00curtuoft_0192.png"; bbox 0 0 1610 2522; ppageno 0'>
   <div class='ocr_carea' id='block_1_1' title="bbox 140 96 994 138">
    <p class='ocr_par' dir='ltr' id='par_1_1' title="bbox 140 96 994 138">
     <span class='ocr_line' id='line_1_1' title="bbox 140 96 994 138; baseline -0.008 -1"><span class='ocrx_word' id='word_1_1' title='bbox 140 96 222 138; x_wconf 75' lang='grc'><strong>178</strong></span> <span class='ocrx_word' id='word_1_2' title='bbox 644 100 682 137; x_wconf 71' lang='lat' dir='ltr'><strong>Q.</strong></span> <span class='ocrx_word' id='word_1_3' title='bbox 711 96 854 130; x_wconf 53' lang='lat' dir='ltr'><strong>GURTI</strong></span> <span class='ocrx_word' id='word_1_4' title='bbox 881 96 994 131; x_wconf 69' lang='lat' dir='ltr'>RUFI</span> 
     </span>
    </p>
   </div>
   <div class='ocr_carea' id='block_1_2' title="bbox 32 205 1497 1804">
    <p class='ocr_par' dir='ltr' id='par_1_2' title="bbox 32 205 1497 1804">
     <span class='ocr_line' id='line_1_2' title="bbox 137 205 1491 260; baseline 0.002 -15"><span class='ocrx_word' id='word_1_5' title='bbox 137 206 283 247; x_wconf 58' lang='lat' dir='ltr'><strong>fisteon</strong></span> <span class='ocrx_word' id='word_1_6' title='bbox 339 205 562 246; x_wconf 54' lang='lat' dir='ltr'><strong>Favenflnn</strong></span> <span class='ocrx_word' id='word_1_7' title='bbox 598 205 728 246; x_wconf 81' lang='lat' dir='ltr'><strong>habes</strong></span> <span class='ocrx_word' id='word_1_8' title='bbox 761 206 956 250; x_wconf 55' lang='lat' dir='ltr'><strong>nuhcenr</strong></span> <span class='ocrx_word' id='word_1_9' title='bbox 990 207 1035 258; x_wconf 47' lang='lat' dir='ltr'><strong>sn</strong></span> <span class='ocrx_word' id='word_1_10' title='bbox 1069 206 1180 260; x_wconf 86' lang='lat' dir='ltr'><strong>quod</strong></span> <span class='ocrx_word' id='word_1_11' title='bbox 1212 206 1377 247; x_wconf 67' lang='lat' dir='ltr'><strong>adnntffi</strong></span> <span class='ocrx_word' id='word_1_12' title='bbox 1407 219 1491 248; x_wconf 90' lang='lat' dir='ltr'><strong>non</strong></span> 
     </span>
     <span class='ocr_line' id='line_1_3' title="bbox 95 264 1497 320; baseline 0.001 -15"><span class='ocrx_word' id='word_1_13' title='bbox 95 265 348 319; x_wconf 55' lang='lat' dir='ltr'><strong>{epm-tuit,</strong></span> <span class='ocrx_word' id='word_1_14' title='bbox 394 264 543 306; x_wconf 80' lang='lat' dir='ltr'><strong>saltem</strong></span> <span class='ocrx_word' id='word_1_15' title='bbox 590 266 762 320; x_wconf 78' lang='lat' dir='ltr'><strong>purgari</strong></span> <span class='ocrx_word' id='word_1_16' title='bbox 810 265 978 319; x_wconf 73' lang='lat' dir='ltr'><strong>potest&#39;.</strong></span> <span class='ocrx_word' id='word_1_17' title='bbox 1054 265 1120 306; x_wconf 90' lang='lat' dir='ltr'><strong>Ad</strong></span> <span class='ocrx_word' id='word_1_18' title='bbox 1163 265 1264 305; x_wconf 78' lang='lat' dir='ltr'><strong>haec</strong></span> <span class='ocrx_word' id='word_1_19' title='bbox 1298 265 1497 307; x_wconf 85' lang='lat' dir='ltr'><strong>Philotas</strong></span> 
     </span>
     <span class='ocr_line' id='line_1_4' title="bbox 135 322 1496 378; baseline 0.001 -14"><span class='ocrx_word' id='word_1_20' title='bbox 135 323 248 365; x_wconf 86' lang='lat' dir='ltr'><strong>haud</strong></span> <span class='ocrx_word' id='word_1_21' title='bbox 281 339 380 365; x_wconf 84' lang='lat' dir='ltr'><strong>sane</strong></span> <span class='ocrx_word' id='word_1_22' title='bbox 413 323 617 378; x_wconf 78' lang='lat' dir='ltr'><strong>trepidus,</strong></span> <span class='ocrx_word' id='word_1_23' title='bbox 653 325 684 365; x_wconf 94' lang='lat' dir='ltr'><strong>si</strong></span> <span class='ocrx_word' id='word_1_24' title='bbox 721 324 887 365; x_wconf 82' lang='lat' dir='ltr'><strong>animus</strong></span> <span class='ocrx_word' id='word_1_25' title='bbox 921 324 1041 365; x_wconf 82' lang='lat' dir='ltr'><strong>vultu</strong></span> <span class='ocrx_word' id='word_1_26' title='bbox 1076 325 1382 375; x_wconf 72' lang='lat' dir='ltr'><strong>aestimaretur,</strong></span> <span class='ocrx_word' id='word_1_27' title='bbox 1416 322 1496 366; x_wconf 85' lang='lat' dir='ltr'><strong>Ce-</strong></span> 
     </span>
     <span class='ocr_line' id='line_1_5' title="bbox 136 383 1493 436; baseline 0.002 -14"><span class='ocrx_word' id='word_1_28' title='bbox 136 383 326 424; x_wconf 75' lang='lat' dir='ltr'><strong>balhiun]</strong></span> <span class='ocrx_word' id='word_1_29' title='bbox 362 383 531 436; x_wconf 83' lang='lat' dir='ltr'>quiden]</span> <span class='ocrx_word' id='word_1_30' title='bbox 567 383 694 424; x_wconf 86' lang='lat' dir='ltr'><strong>scorti</strong></span> <span class='ocrx_word' id='word_1_31' title='bbox 729 398 963 424; x_wconf 69' lang='lat' dir='ltr'><strong>sernn›neni</strong></span> <span class='ocrx_word' id='word_1_32' title='bbox 999 383 1050 424; x_wconf 88' lang='lat' dir='ltr'><strong>ad</strong></span> <span class='ocrx_word' id='word_1_33' title='bbox 1084 399 1126 425; x_wconf 90' lang='lat' dir='ltr'><strong>se</strong></span> <span class='ocrx_word' id='word_1_34' title='bbox 1161 383 1379 435; x_wconf 74' lang='lat' dir='ltr'><strong>detuhsse‚</strong></span> <span class='ocrx_word' id='word_1_35' title='bbox 1420 384 1493 425; x_wconf 83' lang='lat' dir='ltr'><strong>sed</strong></span> 
     </span>
     <span class='ocr_line' id='line_1_6' title="bbox 138 442 1489 497; baseline 0.001 -14"><span class='ocrx_word' id='word_1_36' title='bbox 138 443 273 497; x_wconf 79' lang='lat' dir='ltr'><strong>ipsurn</strong></span> <span class='ocrx_word' id='word_1_37' title='bbox 309 446 395 483; x_wconf 65' lang='lat' dir='ltr'><strong>tarn</strong></span> <span class='ocrx_word' id='word_1_38' title='bbox 426 442 505 483; x_wconf 85' lang='lat' dir='ltr'><strong>levi</strong></span> <span class='ocrx_word' id='word_1_39' title='bbox 536 446 706 484; x_wconf 79' lang='lat' dir='ltr'><strong>auctore</strong></span> <span class='ocrx_word' id='word_1_40' title='bbox 733 442 841 483; x_wconf 86' lang='lat' dir='ltr'>nihil</span> <span class='ocrx_word' id='word_1_41' title='bbox 869 443 1098 485; x_wconf 82' lang='lat' dir='ltr'><strong>credidisse</strong></span> <span class='ocrx_word' id='word_1_42' title='bbox 1124 443 1356 496; x_wconf 75' lang='lat' dir='ltr'><strong>respsnidit‚</strong></span> <span class='ocrx_word' id='word_1_43' title='bbox 1388 444 1489 484; x_wconf 51' lang='lat' dir='ltr'><strong>verb</strong></span> 
     </span>
     <span class='ocr_line' id='line_1_7' title="bbox 135 502 1492 557; baseline 0.001 -15"><span class='ocrx_word' id='word_1_44' title='bbox 135 506 239 544; x_wconf 86' lang='lat' dir='ltr'><strong>tum.</strong></span> <span class='ocrx_word' id='word_1_45' title='bbox 271 517 324 543; x_wconf 91' lang='lat' dir='ltr'><strong>ne</strong></span> <span class='ocrx_word' id='word_1_46' title='bbox 357 503 543 557; x_wconf 82' lang='lat' dir='ltr'><strong>iurgium</strong></span> <span class='ocrx_word' id='word_1_47' title='bbox 578 502 688 543; x_wconf 87' lang='lat' dir='ltr'><strong>inter</strong></span> <span class='ocrx_word' id='word_1_48' title='bbox 719 506 950 543; x_wconf 78' lang='lat' dir='ltr'>amatorem</span> <span class='ocrx_word' id='word_1_49' title='bbox 983 505 1024 543; x_wconf 89' lang='lat' dir='ltr'><strong>et</strong></span> <span class='ocrx_word' id='word_1_50' title='bbox 1051 503 1263 544; x_wconf 80' lang='lat' dir='ltr'><strong>exoletum</strong></span> <span class='ocrx_word' id='word_1_51' title='bbox 1290 517 1376 544; x_wconf 89' lang='lat' dir='ltr'><strong>non</strong></span> <span class='ocrx_word' id='word_1_52' title='bbox 1403 503 1492 544; x_wconf 85' lang='lat' dir='ltr'><strong>sine</strong></span> 
     </span>
     <span class='ocr_line' id='line_1_8' title="bbox 64 561 1492 616; baseline 0.001 -15"><span class='ocrx_word' id='word_1_53' title='bbox 64 574 105 603; x_wconf 73' lang='lat'><strong>34</strong></span> <span class='ocrx_word' id='word_1_54' title='bbox 138 562 223 602; x_wconf 85' lang='lat' dir='ltr'><strong>risu</strong></span> <span class='ocrx_word' id='word_1_55' title='bbox 269 561 450 602; x_wconf 80' lang='lat' dir='ltr'><strong>aliorum</strong></span> <span class='ocrx_word' id='word_1_56' title='bbox 493 561 730 602; x_wconf 84' lang='lat' dir='ltr'><strong>detulisset:</strong></span> <span class='ocrx_word' id='word_1_57' title='bbox 785 576 879 602; x_wconf 88' lang='lat' dir='ltr'><strong>cum</strong></span> <span class='ocrx_word' id='word_1_58' title='bbox 926 561 1120 616; x_wconf 86' lang='lat' dir='ltr'>Dymnus</span> <span class='ocrx_word' id='word_1_59' title='bbox 1165 565 1297 603; x_wconf 87' lang='lat' dir='ltr'><strong>semet</strong></span> <span class='ocrx_word' id='word_1_60' title='bbox 1342 563 1492 603; x_wconf 89' lang='lat' dir='ltr'><strong>intere-</strong></span> 
     </span>
     <span class='ocr_line' id='line_1_9' title="bbox 137 619 1492 675; baseline 0.001 -14"><span class='ocrx_word' id='word_1_61' title='bbox 137 621 274 674; x_wconf 76' lang='lat' dir='ltr'><strong>merit,</strong></span> <span class='ocrx_word' id='word_1_62' title='bbox 307 620 632 674; x_wconf 80' lang='lat' dir='ltr'>qualiacumque</span> <span class='ocrx_word' id='word_1_63' title='bbox 666 624 797 675; x_wconf 75' lang='lat' dir='ltr'><strong>erant,</strong></span> <span class='ocrx_word' id='word_1_64' title='bbox 830 636 912 662; x_wconf 90' lang='lat' dir='ltr'><strong>non</strong></span> <span class='ocrx_word' id='word_1_65' title='bbox 946 621 1077 662; x_wconf 87' lang='lat' dir='ltr'><strong>fuisse</strong></span> <span class='ocrx_word' id='word_1_66' title='bbox 1110 621 1332 662; x_wconf 82' lang='lat' dir='ltr'><strong>reticenda.</strong></span> <span class='ocrx_word' id='word_1_67' title='bbox 1385 619 1492 663; x_wconf 87' lang='lat' dir='ltr'><strong>Con-</strong></span> 
     </span>
     <span class='ocr_line' id='line_1_10' title="bbox 135 680 1490 735; baseline 0.001 -15"><span class='ocrx_word' id='word_1_68' title='bbox 135 680 369 734; x_wconf 75' lang='lat' dir='ltr'><strong>plexusque</strong></span> <span class='ocrx_word' id='word_1_69' title='bbox 414 694 556 735; x_wconf 84' lang='lat' dir='ltr'><strong>regem</strong></span> <span class='ocrx_word' id='word_1_70' title='bbox 598 694 717 721; x_wconf 85' lang='lat' dir='ltr'><strong>orare</strong></span> <span class='ocrx_word' id='word_1_71' title='bbox 756 680 913 734; x_wconf 78' lang='lat' dir='ltr'><strong>coepit,</strong></span> <span class='ocrx_word' id='word_1_72' title='bbox 958 684 1006 721; x_wconf 88' lang='lat' dir='ltr'><strong>ut</strong></span> <span class='ocrx_word' id='word_1_73' title='bbox 1042 681 1315 734; x_wconf 86' lang='lat' dir='ltr'><strong>praeteritam</strong></span> <span class='ocrx_word' id='word_1_74' title='bbox 1359 680 1490 721; x_wconf 77' lang='lat' dir='ltr'><strong>vitam</strong></span> 
     </span>
     <span class='ocr_line' id='line_1_11' title="bbox 134 739 1492 793; baseline 0 -12"><span class='ocrx_word' id='word_1_75' title='bbox 134 740 276 793; x_wconf 89' lang='lat' dir='ltr'><strong>potius</strong></span> <span class='ocrx_word' id='word_1_76' title='bbox 311 754 436 793; x_wconf 90' lang='lat' dir='ltr'><strong>quam</strong></span> <span class='ocrx_word' id='word_1_77' title='bbox 470 739 656 793; x_wconf 86' lang='lat' dir='ltr'><strong>culpam,</strong></span> <span class='ocrx_word' id='word_1_78' title='bbox 702 739 861 781; x_wconf 90' lang='lat' dir='ltr'><strong>silentii</strong></span> <span class='ocrx_word' id='word_1_79' title='bbox 893 744 1053 793; x_wconf 77' lang='lat' dir='ltr'><strong>tamen,</strong></span> <span class='ocrx_word' id='word_1_80' title='bbox 1095 755 1180 782; x_wconf 88' lang='lat' dir='ltr'><strong>non</strong></span> <span class='ocrx_word' id='word_1_81' title='bbox 1212 740 1314 781; x_wconf 83' lang='lat' dir='ltr'><strong>facti</strong></span> <span class='ocrx_word' id='word_1_82' title='bbox 1348 741 1492 793; x_wconf 83' lang='lat' dir='ltr'><strong>ullius,</strong></span> 
     </span>
     <span class='ocr_line' id='line_1_12' title="bbox 63 798 1492 852; baseline 0.001 -13"><span class='ocrx_word' id='word_1_83' title='bbox 63 811 105 839; x_wconf 70' lang='lat'><strong>35</strong></span> <span class='ocrx_word' id='word_1_84' title='bbox 135 799 381 840; x_wconf 70' lang='lat' dir='ltr'>intueretur.</span> <span class='ocrx_word' id='word_1_85' title='bbox 446 798 571 839; x_wconf 83' lang='lat' dir='ltr'>Haud</span> <span class='ocrx_word' id='word_1_86' title='bbox 616 799 738 840; x_wconf 79' lang='lat' dir='ltr'><strong>facile</strong></span> <span class='ocrx_word' id='word_1_87' title='bbox 780 799 977 852; x_wconf 79' lang='lat' dir='ltr'><strong>dixerim,</strong></span> <span class='ocrx_word' id='word_1_88' title='bbox 1021 799 1302 841; x_wconf 75' lang='lat' dir='ltr'><strong>credideritne</strong></span> <span class='ocrx_word' id='word_1_89' title='bbox 1341 799 1377 840; x_wconf 91' lang='lat' dir='ltr'><strong>ei</strong></span> <span class='ocrx_word' id='word_1_90' title='bbox 1418 813 1492 840; x_wconf 81' lang='lat' dir='ltr'><strong>rex</strong></span> 
     </span>
     <span class='ocr_line' id='line_1_13' title="bbox 134 858 1491 913; baseline 0.001 -15"><span class='ocrx_word' id='word_1_91' title='bbox 134 873 187 899; x_wconf 84' lang='lat' dir='ltr'><strong>an</strong></span> <span class='ocrx_word' id='word_1_92' title='bbox 237 859 364 899; x_wconf 84' lang='lat' dir='ltr'><strong>altius</strong></span> <span class='ocrx_word' id='word_1_93' title='bbox 415 859 519 899; x_wconf 88' lang='lat' dir='ltr'><strong>iram</strong></span> <span class='ocrx_word' id='word_1_94' title='bbox 572 860 870 913; x_wconf 75' lang='lat' dir='ltr'><strong>suppresserit:</strong></span> <span class='ocrx_word' id='word_1_95' title='bbox 923 858 1138 899; x_wconf 87' lang='lat' dir='ltr'><strong>dexteram</strong></span> <span class='ocrx_word' id='word_1_96' title='bbox 1195 858 1491 900; x_wconf 78' lang='lat' dir='ltr'><strong>reconciliatae</strong></span> 
     </span>
     <span class='ocr_line' id='line_1_14' title="bbox 133 917 1490 973; baseline 0.001 -15"><span class='ocrx_word' id='word_1_97' title='bbox 133 917 293 973; x_wconf 82' lang='lat' dir='ltr'><strong>gratiae</strong></span> <span class='ocrx_word' id='word_1_98' title='bbox 343 917 499 972; x_wconf 84' lang='lat' dir='ltr'><strong>pignus</strong></span> <span class='ocrx_word' id='word_1_99' title='bbox 551 917 709 959; x_wconf 88' lang='lat' dir='ltr'><strong>obtulit</strong></span> <span class='ocrx_word' id='word_1_100' title='bbox 758 922 799 958; x_wconf 87' lang='lat' dir='ltr'><strong>et</strong></span> <span class='ocrx_word' id='word_1_101' title='bbox 843 921 1137 972; x_wconf 88' lang='lat' dir='ltr'><strong>contemptum</strong></span> <span class='ocrx_word' id='word_1_102' title='bbox 1181 919 1318 973; x_wconf 84' lang='lat' dir='ltr'><strong>magis</strong></span> <span class='ocrx_word' id='word_1_103' title='bbox 1363 932 1490 972; x_wconf 89' lang='lat' dir='ltr'><strong>quam</strong></span> 
     </span>
     <span class='ocr_line' id='line_1_15' title="bbox 133 977 1114 1019; baseline 0.002 -2"><span class='ocrx_word' id='word_1_104' title='bbox 133 977 316 1018; x_wconf 87' lang='lat' dir='ltr'><strong>celatum</strong></span> <span class='ocrx_word' id='word_1_105' title='bbox 349 977 554 1018; x_wconf 89' lang='lat' dir='ltr'><strong>indicium</strong></span> <span class='ocrx_word' id='word_1_106' title='bbox 588 991 679 1019; x_wconf 84' lang='lat' dir='ltr'><strong>esse</strong></span> <span class='ocrx_word' id='word_1_107' title='bbox 712 977 845 1018; x_wconf 82' lang='lat' dir='ltr'><strong>videri</strong></span> <span class='ocrx_word' id='word_1_108' title='bbox 880 978 961 1018; x_wconf 87' lang='lat' dir='ltr'><strong>sibi</strong></span> <span class='ocrx_word' id='word_1_109' title='bbox 995 978 1114 1019; x_wconf 77' lang='lat' dir='ltr'><strong>djxit.</strong></span> 
     </span>
     <span class='ocr_line' id='line_1_16' title="bbox 32 1035 1473 1090; baseline 0.001 -15"><span class='ocrx_word' id='word_1_110' title='bbox 32 1041 114 1075; x_wconf 75' lang='grc' dir='ltr'><strong>ΠΙΙ</strong></span> <span class='ocrx_word' id='word_1_111' title='bbox 224 1036 445 1078; x_wconf 80' lang='lat' dir='ltr'><strong>Advocato</strong></span> <span class='ocrx_word' id='word_1_112' title='bbox 488 1039 577 1077; x_wconf 89' lang='lat' dir='ltr'><strong>tum</strong></span> <span class='ocrx_word' id='word_1_113' title='bbox 613 1037 790 1078; x_wconf 82' lang='lat' dir='ltr'><strong>consilio</strong></span> <span class='ocrx_word' id='word_1_114' title='bbox 825 1038 1076 1090; x_wconf 78' lang='lat' dir='ltr'><strong>amicorum⁷</strong></span> <span class='ocrx_word' id='word_1_115' title='bbox 1118 1037 1184 1078; x_wconf 89' lang='lat' dir='ltr'><strong>cui</strong></span> <span class='ocrx_word' id='word_1_116' title='bbox 1217 1040 1360 1078; x_wconf 88' lang='lat' dir='ltr'><strong>tamen</strong></span> <span class='ocrx_word' id='word_1_117' title='bbox 1394 1035 1473 1077; x_wconf 88' lang='lat' dir='ltr'>Ph1</span> 
     </span>
     <span class='ocr_line' id='line_1_17' title="bbox 133 1095 1489 1149; baseline 0 -13"><span class='ocrx_word' id='word_1_118' title='bbox 133 1095 242 1137; x_wconf 86' lang='lat' dir='ltr'><strong>lotas</strong></span> <span class='ocrx_word' id='word_1_119' title='bbox 285 1095 501 1137; x_wconf 88' lang='lat' dir='ltr'><strong>adhibitus</strong></span> <span class='ocrx_word' id='word_1_120' title='bbox 533 1110 619 1137; x_wconf 88' lang='lat' dir='ltr'><strong>non</strong></span> <span class='ocrx_word' id='word_1_121' title='bbox 654 1100 734 1149; x_wconf 73' lang='lat' dir='ltr'><strong>est,</strong></span> <span class='ocrx_word' id='word_1_122' title='bbox 772 1095 1078 1137; x_wconf 81' lang='lat' dir='ltr'><strong>Nicomachum</strong></span> <span class='ocrx_word' id='word_1_123' title='bbox 1115 1096 1327 1138; x_wconf 88' lang='lat' dir='ltr'><strong>introduci</strong></span> <span class='ocrx_word' id='word_1_124' title='bbox 1361 1095 1489 1137; x_wconf 89' lang='lat' dir='ltr'><strong>iubet.</strong></span> 
     </span>
     <span class='ocr_line' id='line_1_18' title="bbox 87 1154 1492 1211; baseline 0 -15"><span class='ocrx_word' id='word_1_125' title='bbox 87 1168 104 1196; x_wconf 73' lang='lat'>2</span> <span class='ocrx_word' id='word_1_126' title='bbox 133 1154 173 1196; x_wconf 91' lang='lat' dir='ltr'><strong>Is</strong></span> <span class='ocrx_word' id='word_1_127' title='bbox 208 1156 371 1209; x_wconf 86' lang='lat' dir='ltr'><strong>eadem,</strong></span> <span class='ocrx_word' id='word_1_128' title='bbox 413 1170 519 1210; x_wconf 90' lang='lat' dir='ltr'><strong>quae</strong></span> <span class='ocrx_word' id='word_1_129' title='bbox 552 1155 761 1196; x_wconf 82' lang='lat' dir='ltr'><strong>detulerat</strong></span> <span class='ocrx_word' id='word_1_130' title='bbox 789 1158 923 1208; x_wconf 69' lang='lat' dir='ltr'><strong>frater</strong></span> <span class='ocrx_word' id='word_1_131' title='bbox 955 1156 1007 1196; x_wconf 82' lang='lat' dir='ltr'><strong>ad</strong></span> <span class='ocrx_word' id='word_1_132' title='bbox 1040 1170 1200 1211; x_wconf 80' lang='lat' dir='ltr'><strong>regem,</strong></span> <span class='ocrx_word' id='word_1_133' title='bbox 1246 1155 1391 1197; x_wconf 82' lang='lat' dir='ltr'><strong>ordine</strong></span> <span class='ocrx_word' id='word_1_134' title='bbox 1425 1169 1492 1196; x_wconf 83' lang='lat' dir='ltr'><strong>ex-</strong></span> 
     </span>
     <span class='ocr_line' id='line_1_19' title="bbox 133 1213 1490 1270; baseline 0 -15"><span class='ocrx_word' id='word_1_135' title='bbox 133 1215 288 1269; x_wconf 80' lang='lat' dir='ltr'><strong>posuit.</strong></span> <span class='ocrx_word' id='word_1_136' title='bbox 352 1214 458 1256; x_wconf 83' lang='lat' dir='ltr'><strong>Erat</strong></span> <span class='ocrx_word' id='word_1_137' title='bbox 481 1214 679 1256; x_wconf 82' lang='lat' dir='ltr'><strong>Craterus</strong></span> <span class='ocrx_word' id='word_1_138' title='bbox 712 1215 802 1270; x_wconf 79' lang='lat' dir='ltr'><strong>regi</strong></span> <span class='ocrx_word' id='word_1_139' title='bbox 835 1229 957 1256; x_wconf 89' lang='lat' dir='ltr'><strong>carus</strong></span> <span class='ocrx_word' id='word_1_140' title='bbox 990 1216 1032 1256; x_wconf 88' lang='lat' dir='ltr'><strong>in</strong></span> <span class='ocrx_word' id='word_1_141' title='bbox 1065 1216 1211 1269; x_wconf 86' lang='lat' dir='ltr'><strong>paucis</strong></span> <span class='ocrx_word' id='word_1_142' title='bbox 1245 1218 1285 1255; x_wconf 86' lang='lat' dir='ltr'><strong>et</strong></span> <span class='ocrx_word' id='word_1_143' title='bbox 1318 1229 1366 1256; x_wconf 92' lang='lat' dir='ltr'><strong>eo</strong></span> <span class='ocrx_word' id='word_1_144' title='bbox 1391 1213 1490 1255; x_wconf 86' lang='lat' dir='ltr'>Phi-</span> 
     </span>
     <span class='ocr_line' id='line_1_20' title="bbox 86 1274 1489 1330; baseline 0 -16"><span class='ocrx_word' id='word_1_145' title='bbox 86 1286 105 1314; x_wconf 74' lang='lat'>3</span> <span class='ocrx_word' id='word_1_146' title='bbox 134 1275 246 1315; x_wconf 90' lang='lat' dir='ltr'><strong>lotae</strong></span> <span class='ocrx_word' id='word_1_147' title='bbox 280 1274 334 1315; x_wconf 90' lang='lat' dir='ltr'><strong>ob</strong></span> <span class='ocrx_word' id='word_1_148' title='bbox 368 1274 694 1315; x_wconf 82' lang='lat' dir='ltr'><strong>aemulationem</strong></span> <span class='ocrx_word' id='word_1_149' title='bbox 729 1274 950 1330; x_wconf 83' lang='lat' dir='ltr'><strong>dignitatis</strong></span> <span class='ocrx_word' id='word_1_150' title='bbox 981 1274 1184 1316; x_wconf 87' lang='lat' dir='ltr'><strong>adversus</strong></span> <span class='ocrx_word' id='word_1_151' title='bbox 1208 1289 1345 1328; x_wconf 91' lang='lat' dir='ltr'><strong>neque</strong></span> <span class='ocrx_word' id='word_1_152' title='bbox 1371 1275 1489 1330; x_wconf 87' lang='lat' dir='ltr'><strong>igno-</strong></span> 
     </span>
     <span class='ocr_line' id='line_1_21' title="bbox 133 1333 1490 1388; baseline 0 -14"><span class='ocrx_word' id='word_1_153' title='bbox 133 1334 254 1374; x_wconf 88' lang='lat' dir='ltr'><strong>rabat</strong></span> <span class='ocrx_word' id='word_1_154' title='bbox 294 1348 416 1388; x_wconf 83' lang='lat' dir='ltr'><strong>saepe</strong></span> <span class='ocrx_word' id='word_1_155' title='bbox 450 1333 682 1375; x_wconf 68' lang='lat' dir='ltr'><strong>Alexandri</strong></span> <span class='ocrx_word' id='word_1_156' title='bbox 721 1333 894 1374; x_wconf 83' lang='lat' dir='ltr'><strong>auribus</strong></span> <span class='ocrx_word' id='word_1_157' title='bbox 935 1334 1066 1374; x_wconf 79' lang='lat' dir='ltr'><strong>nimia</strong></span> <span class='ocrx_word' id='word_1_158' title='bbox 1099 1334 1326 1375; x_wconf 84' lang='lat' dir='ltr'><strong>iactatione</strong></span> <span class='ocrx_word' id='word_1_159' title='bbox 1359 1334 1490 1374; x_wconf 87' lang='lat' dir='ltr'><strong>virtu-</strong></span> 
     </span>
     <span class='ocr_line' id='line_1_22' title="bbox 133 1392 1488 1449; baseline 0 -16"><span class='ocrx_word' id='word_1_160' title='bbox 133 1393 188 1433; x_wconf 88' lang='lat' dir='ltr'><strong>tis</strong></span> <span class='ocrx_word' id='word_1_161' title='bbox 227 1396 355 1447; x_wconf 89' lang='lat' dir='ltr'><strong>atque</strong></span> <span class='ocrx_word' id='word_1_162' title='bbox 395 1408 545 1447; x_wconf 86' lang='lat' dir='ltr'><strong>operae</strong></span> <span class='ocrx_word' id='word_1_163' title='bbox 583 1407 756 1449; x_wconf 79' lang='lat' dir='ltr'><strong>gravem</strong></span> <span class='ocrx_word' id='word_1_164' title='bbox 796 1393 927 1434; x_wconf 89' lang='lat' dir='ltr'><strong>fuisse</strong></span> <span class='ocrx_word' id='word_1_165' title='bbox 960 1397 1001 1433; x_wconf 91' lang='lat' dir='ltr'><strong>et</strong></span> <span class='ocrx_word' id='word_1_166' title='bbox 1035 1394 1087 1434; x_wconf 91' lang='lat' dir='ltr'><strong>ob</strong></span> <span class='ocrx_word' id='word_1_167' title='bbox 1121 1408 1169 1434; x_wconf 88' lang='lat' dir='ltr'><strong>ea</strong></span> <span class='ocrx_word' id='word_1_168' title='bbox 1200 1407 1285 1433; x_wconf 86' lang='lat' dir='ltr'><strong>non</strong></span> <span class='ocrx_word' id='word_1_169' title='bbox 1320 1392 1488 1447; x_wconf 89' lang='lat' dir='ltr'><strong>quidem</strong></span> 
     </span>
     <span class='ocr_line' id='line_1_23' title="bbox 85 1451 1488 1506; baseline -0.001 -13"><span class='ocrx_word' id='word_1_170' title='bbox 85 1467 104 1494; x_wconf 78' lang='lat'>4</span> <span class='ocrx_word' id='word_1_171' title='bbox 134 1452 315 1502; x_wconf 47' lang='lat' dir='ltr'><strong>scehnia</strong></span> <span class='ocrx_word' id='word_1_172' title='bbox 349 1453 421 1493; x_wconf 90' lang='lat' dir='ltr'><strong>sed</strong></span> <span class='ocrx_word' id='word_1_173' title='bbox 455 1453 745 1493; x_wconf 62' lang='lat' dir='ltr'><strong>contunnnnae</strong></span> <span class='ocrx_word' id='word_1_174' title='bbox 778 1456 919 1494; x_wconf 60' lang='lat' dir='ltr'><strong>fflunen</strong></span> <span class='ocrx_word' id='word_1_175' title='bbox 953 1467 1044 1494; x_wconf 87' lang='lat' dir='ltr'><strong>esse</strong></span> <span class='ocrx_word' id='word_1_176' title='bbox 1071 1456 1327 1506; x_wconf 64' lang='lat' dir='ltr'><strong>suspectunr</strong></span> <span class='ocrx_word' id='word_1_177' title='bbox 1389 1451 1488 1493; x_wconf 51' lang='lat' dir='ltr'><strong>lffon</strong></span> 
     </span>
     <span class='ocr_line' id='line_1_24' title="bbox 133 1511 1488 1566; baseline 0 -14"><span class='ocrx_word' id='word_1_178' title='bbox 133 1512 258 1552; x_wconf 86' lang='lat' dir='ltr'><strong>aliam</strong></span> <span class='ocrx_word' id='word_1_179' title='bbox 303 1512 520 1566; x_wconf 88' lang='lat' dir='ltr'><strong>premendi</strong></span> <span class='ocrx_word' id='word_1_180' title='bbox 566 1512 727 1553; x_wconf 87' lang='lat' dir='ltr'><strong>inimici</strong></span> <span class='ocrx_word' id='word_1_181' title='bbox 762 1512 1026 1553; x_wconf 81' lang='lat' dir='ltr'><strong>occasionem</strong></span> <span class='ocrx_word' id='word_1_182' title='bbox 1060 1513 1267 1566; x_wconf 80' lang='lat' dir='ltr'><strong>aptioiem</strong></span> <span class='ocrx_word' id='word_1_183' title='bbox 1301 1511 1488 1552; x_wconf 82' lang='lat' dir='ltr'><strong>futuram</strong></span> 
     </span>
     <span class='ocr_line' id='line_1_25' title="bbox 131 1570 1486 1637; baseline 0 -26"><span class='ocrx_word' id='word_1_184' title='bbox 131 1574 248 1612; x_wconf 80' lang='lat' dir='ltr'><strong>ratus</strong></span> <span class='ocrx_word' id='word_1_185' title='bbox 289 1571 386 1612; x_wconf 87' lang='lat' dir='ltr'><strong>odio</strong></span> <span class='ocrx_word' id='word_1_186' title='bbox 426 1586 501 1612; x_wconf 91' lang='lat' dir='ltr'><strong>suo</strong></span> <span class='ocrx_word' id='word_1_187' title='bbox 540 1571 712 1625; x_wconf 86' lang='lat' dir='ltr'><strong>pietatis</strong></span> <span class='ocrx_word' id='word_1_188' title='bbox 751 1572 992 1624; x_wconf 84' lang='lat' dir='ltr'><strong>praeferens</strong></span> <span class='ocrx_word' id='word_1_189' title='bbox 1029 1572 1230 1637; x_wconf 80' lang='lat' dir='ltr'><strong>speciem.</strong></span> <span class='ocrx_word' id='word_1_190' title='bbox 1265 1570 1486 1624; x_wconf 81' lang='lat' dir='ltr'><strong>‘Utinam&#39;,</strong></span> 
     </span>
     <span class='ocr_line' id='line_1_26' title="bbox 133 1629 1488 1684; baseline 0 -14"><span class='ocrx_word' id='word_1_191' title='bbox 133 1631 289 1684; x_wconf 78' lang='lat' dir='ltr'><strong>inquit,</strong></span> <span class='ocrx_word' id='word_1_192' title='bbox 336 1631 393 1671; x_wconf 92' lang='lat' dir='ltr'><strong>in</strong></span> <span class='ocrx_word' id='word_1_193' title='bbox 435 1631 646 1684; x_wconf 72' lang='lat' dir='ltr'><strong>plincipio</strong></span> <span class='ocrx_word' id='word_1_194' title='bbox 686 1645 854 1684; x_wconf 88' lang='lat' dir='ltr'><strong>quoque</strong></span> <span class='ocrx_word' id='word_1_195' title='bbox 887 1630 1013 1672; x_wconf 88' lang='lat' dir='ltr'><strong>huius</strong></span> <span class='ocrx_word' id='word_1_196' title='bbox 1040 1632 1100 1672; x_wconf 91' lang='lat' dir='ltr'><strong>rei</strong></span> <span class='ocrx_word' id='word_1_197' title='bbox 1133 1630 1354 1671; x_wconf 83' lang='lat' dir='ltr'><strong>nobiscum</strong></span> <span class='ocrx_word' id='word_1_198' title='bbox 1389 1629 1488 1670; x_wconf 92' lang='lat' dir='ltr'><strong>deli-</strong></span> 
     </span>
     <span class='ocr_line' id='line_1_27' title="bbox 84 1688 1487 1745; baseline -0.001 -13"><span class='ocrx_word' id='word_1_199' title='bbox 84 1704 104 1733; x_wconf 76' lang='lat'>5</span> <span class='ocrx_word' id='word_1_200' title='bbox 132 1690 340 1731; x_wconf 80' lang='lat' dir='ltr'><strong>berasses!</strong></span> <span class='ocrx_word' id='word_1_201' title='bbox 405 1688 799 1742; x_wconf 63' lang='lat' dir='ltr'><strong>S11asissemus‚si</strong></span> <span class='ocrx_word' id='word_1_202' title='bbox 842 1689 1036 1731; x_wconf 87' lang='lat' dir='ltr'><strong>Philotae</strong></span> <span class='ocrx_word' id='word_1_203' title='bbox 1081 1692 1210 1731; x_wconf 78' lang='lat' dir='ltr'><strong>velles</strong></span> <span class='ocrx_word' id='word_1_204' title='bbox 1255 1691 1487 1745; x_wconf 34' lang='lat' dir='ltr'><strong>ignosceiye</strong></span> 
     </span>
     <span class='ocr_line' id='line_1_28' title="bbox 130 1747 1488 1804; baseline -0.001 -14"><span class='ocrx_word' id='word_1_205' title='bbox 130 1749 337 1804; x_wconf 85' lang='lat' dir='ltr'><strong>patereris</strong></span> <span class='ocrx_word' id='word_1_206' title='bbox 375 1749 519 1803; x_wconf 79' lang='lat' dir='ltr'><strong>potius</strong></span> <span class='ocrx_word' id='word_1_207' title='bbox 559 1751 755 1804; x_wconf 83' lang='lat' dir='ltr'><strong>ignorare</strong></span> <span class='ocrx_word' id='word_1_208' title='bbox 796 1764 910 1802; x_wconf 85' lang='lat' dir='ltr'><strong>eum,</strong></span> <span class='ocrx_word' id='word_1_209' title='bbox 954 1753 1160 1803; x_wconf 80' lang='lat' dir='ltr'><strong>quantum</strong></span> <span class='ocrx_word' id='word_1_210' title='bbox 1195 1749 1363 1790; x_wconf 83' lang='lat' dir='ltr'><strong>deberet</strong></span> <span class='ocrx_word' id='word_1_211' title='bbox 1395 1747 1488 1801; x_wconf 80' lang='lat' dir='ltr'><strong>tibi,</strong></span> 
     </span>
    </p>
   </div>
   <div class='ocr_carea' id='block_1_3' title="bbox 64 277 96 306">
    <p class='ocr_par' dir='ltr' id='par_1_3' title="bbox 64 277 96 306">
     <span class='ocr_line' id='line_1_29' title="bbox 64 277 96 306; textangle 90"><span class='ocrx_word' id='word_1_212' title='bbox 64 277 96 306; x_wconf 48' lang='lat' dir='ltr'><strong>s:</strong></span> 
     </span>
    </p>
   </div>
   <div class='ocr_carea' id='block_1_4' title="bbox 130 1924 1486 2397">
    <p class='ocr_par' dir='ltr' id='par_1_4' title="bbox 130 1924 1486 2397">
     <span class='ocr_line' id='line_1_30' title="bbox 228 1924 1413 1971; baseline 0 -13"><span class='ocrx_word' id='word_1_213' title='bbox 228 1930 246 1958; x_wconf 75' lang='lat'>2</span> <span class='ocrx_word' id='word_1_214' title='bbox 274 1925 440 1970; x_wconf 88' lang='lat' dir='ltr'><strong>oportuit</strong></span> <span class='ocrx_word' id='word_1_215' title='bbox 467 1925 690 1959; x_wconf 47' lang='lat' dir='ltr'><strong>Frobemhas:</strong></span> <span class='ocrx_word' id='word_1_216' title='bbox 726 1925 849 1970; x_wconf 86' lang='lat' dir='ltr'><strong>potuit</strong></span> <span class='ocrx_word' id='word_1_217' title='bbox 881 1929 920 1958; x_wconf 92' lang='lat' dir='ltr'><strong>A.</strong></span> <span class='ocrx_word' id='word_1_218' title='bbox 1044 1924 1195 1971; x_wconf 80' lang='lat' dir='ltr'><strong>saltem]</strong></span> <span class='ocrx_word' id='word_1_219' title='bbox 1226 1925 1350 1959; x_wconf 79' lang='lat' dir='ltr'><strong>saltim</strong></span> <span class='ocrx_word' id='word_1_220' title='bbox 1378 1929 1413 1958; x_wconf 87' lang='lat' dir='ltr'><strong>P.</strong></span> 
     </span>
     <span class='ocr_line' id='line_1_31' title="bbox 132 1971 1485 2018; baseline 0 -13"><span class='ocrx_word' id='word_1_221' title='bbox 132 1973 284 2018; x_wconf 78' lang='lat' dir='ltr'><strong>purgari</strong></span> <span class='ocrx_word' id='word_1_222' title='bbox 311 1973 470 2017; x_wconf 76' lang='lat' dir='ltr'><strong>Ieepins:</strong></span> <span class='ocrx_word' id='word_1_223' title='bbox 499 1972 627 2016; x_wconf 79' lang='lat' dir='ltr'><strong>negari</strong></span> <span class='ocrx_word' id='word_1_224' title='bbox 654 1976 692 2006; x_wconf 94' lang='lat' dir='ltr'><strong>A.</strong></span> <span class='ocrx_word' id='word_1_225' title='bbox 780 1972 964 2018; x_wconf 86' lang='lat' dir='ltr'><strong>Philotas]</strong></span> <span class='ocrx_word' id='word_1_226' title='bbox 991 1972 1166 2017; x_wconf 69' lang='lat' dir='ltr'><strong>phylotas</strong></span> <span class='ocrx_word' id='word_1_227' title='bbox 1193 1976 1229 2006; x_wconf 85' lang='lat' dir='ltr'><strong>F.</strong></span> <span class='ocrx_word' id='word_1_228' title='bbox 1318 1976 1337 2006; x_wconf 87' lang='grc'><strong>3</strong></span> <span class='ocrx_word' id='word_1_229' title='bbox 1366 1971 1485 2018; x_wconf 79' lang='lat' dir='ltr'><strong>vultu]</strong></span> 
     </span>
     <span class='ocr_line' id='line_1_32' title="bbox 130 2020 1485 2064; baseline -0.001 -10"><span class='ocrx_word' id='word_1_230' title='bbox 130 2020 261 2054; x_wconf 74' lang='lat' dir='ltr'><strong>uultu*</strong></span> <span class='ocrx_word' id='word_1_231' title='bbox 282 2024 317 2054; x_wconf 92' lang='lat' dir='ltr'><strong>P.</strong></span> <span class='ocrx_word' id='word_1_232' title='bbox 394 2024 414 2053; x_wconf 82' lang='lat'>5</span> <span class='ocrx_word' id='word_1_233' title='bbox 441 2022 593 2054; x_wconf 80' lang='lat' dir='ltr'><strong>auctore</strong></span> <span class='ocrx_word' id='word_1_234' title='bbox 607 2023 632 2053; x_wconf 89' lang='lat' dir='ltr'>L</span> <span class='ocrx_word' id='word_1_235' title='bbox 653 2032 696 2054; x_wconf 86' lang='lat' dir='ltr'><strong>m.</strong></span> <span class='ocrx_word' id='word_1_236' title='bbox 712 2032 771 2064; x_wconf 78' lang='lat' dir='ltr'><strong>pr.</strong></span> <span class='ocrx_word' id='word_1_237' title='bbox 794 2024 819 2053; x_wconf 90' lang='lat' dir='ltr'>P</span> <span class='ocrx_word' id='word_1_238' title='bbox 839 2033 883 2054; x_wconf 80' lang='lat' dir='ltr'><strong>m.</strong></span> <span class='ocrx_word' id='word_1_239' title='bbox 901 2032 976 2064; x_wconf 62' lang='lat' dir='ltr'><strong>pr:</strong></span> <span class='ocrx_word' id='word_1_240' title='bbox 999 2020 1141 2054; x_wconf 85' lang='lat' dir='ltr'><strong>auctori</strong></span> <span class='ocrx_word' id='word_1_241' title='bbox 1162 2023 1271 2053; x_wconf 72' lang='lat' dir='ltr'><strong>BEV.</strong></span> <span class='ocrx_word' id='word_1_242' title='bbox 1346 2022 1364 2053; x_wconf 87' lang='grc'>6</span> <span class='ocrx_word' id='word_1_243' title='bbox 1386 2031 1485 2053; x_wconf 86' lang='lat' dir='ltr'><strong>ama-</strong></span> 
     </span>
     <span class='ocr_line' id='line_1_33' title="bbox 131 2067 1486 2114; baseline -0.001 -13"><span class='ocrx_word' id='word_1_244' title='bbox 131 2068 265 2114; x_wconf 80' lang='lat' dir='ltr'><strong>torem]</strong></span> <span class='ocrx_word' id='word_1_245' title='bbox 293 2069 495 2102; x_wconf 86' lang='lat' dir='ltr'><strong>amotorem</strong></span> <span class='ocrx_word' id='word_1_246' title='bbox 521 2071 556 2100; x_wconf 90' lang='lat' dir='ltr'><strong>P.</strong></span> <span class='ocrx_word' id='word_1_247' title='bbox 659 2071 675 2100; x_wconf 75' lang='lat'>7</span> <span class='ocrx_word' id='word_1_248' title='bbox 705 2070 821 2102; x_wconf 86' lang='lat' dir='ltr'><strong>semet</strong></span> <span class='ocrx_word' id='word_1_249' title='bbox 847 2067 1078 2102; x_wconf 81' lang='lat' dir='ltr'><strong>interemerit</strong></span> <span class='ocrx_word' id='word_1_250' title='bbox 1103 2071 1145 2100; x_wconf 88' lang='lat' dir='ltr'><strong>P:</strong></span> <span class='ocrx_word' id='word_1_251' title='bbox 1175 2067 1404 2101; x_wconf 82' lang='lat' dir='ltr'><strong>interemerit</strong></span> <span class='ocrx_word' id='word_1_252' title='bbox 1431 2077 1486 2101; x_wconf 91' lang='lat' dir='ltr'><strong>se-</strong></span> 
     </span>
     <span class='ocr_line' id='line_1_34' title="bbox 132 2114 1486 2160; baseline 0.001 -13"><span class='ocrx_word' id='word_1_253' title='bbox 132 2117 208 2149; x_wconf 85' lang='lat' dir='ltr'><strong>met</strong></span> <span class='ocrx_word' id='word_1_254' title='bbox 228 2120 260 2148; x_wconf 90' lang='lat' dir='ltr'><strong>C.</strong></span> <span class='ocrx_word' id='word_1_255' title='bbox 336 2118 355 2148; x_wconf 86' lang='grc'>8</span> <span class='ocrx_word' id='word_1_256' title='bbox 383 2114 687 2160; x_wconf 77' lang='lat' dir='ltr'><strong>qualiacumque]</strong></span> <span class='ocrx_word' id='word_1_257' title='bbox 708 2115 986 2159; x_wconf 84' lang='lat' dir='ltr'><strong>quiliacumque</strong></span> <span class='ocrx_word' id='word_1_258' title='bbox 1009 2119 1034 2148; x_wconf 98' lang='lat' dir='ltr'>P</span> <span class='ocrx_word' id='word_1_259' title='bbox 1056 2127 1097 2148; x_wconf 84' lang='lat' dir='ltr'><strong>m.</strong></span> <span class='ocrx_word' id='word_1_260' title='bbox 1114 2126 1172 2159; x_wconf 76' lang='lat' dir='ltr'><strong>pr.</strong></span> <span class='ocrx_word' id='word_1_261' title='bbox 1250 2120 1290 2148; x_wconf 93' lang='lat'><strong>11</strong></span> <span class='ocrx_word' id='word_1_262' title='bbox 1320 2114 1486 2149; x_wconf 86' lang='lat' dir='ltr'><strong>credide-</strong></span> 
     </span>
     <span class='ocr_line' id='line_1_35' title="bbox 133 2162 1484 2208; baseline 0 -13"><span class='ocrx_word' id='word_1_263' title='bbox 133 2162 243 2208; x_wconf 81' lang='lat' dir='ltr'><strong>ritne]</strong></span> <span class='ocrx_word' id='word_1_264' title='bbox 271 2162 542 2196; x_wconf 68' lang='lat' dir='ltr'><strong>credideritme</strong></span> <span class='ocrx_word' id='word_1_265' title='bbox 562 2166 596 2196; x_wconf 87' lang='lat' dir='ltr'><strong>P.</strong></span> <span class='ocrx_word' id='word_1_266' title='bbox 699 2166 740 2195; x_wconf 78' lang='lat'><strong>12</strong></span> <span class='ocrx_word' id='word_1_267' title='bbox 768 2163 830 2208; x_wconf 85' lang='lat' dir='ltr'><strong>an]</strong></span> <span class='ocrx_word' id='word_1_268' title='bbox 858 2162 896 2196; x_wconf 90' lang='lat' dir='ltr'><strong>in</strong></span> <span class='ocrx_word' id='word_1_269' title='bbox 916 2166 942 2195; x_wconf 90' lang='lat' dir='ltr'>P</span> <span class='ocrx_word' id='word_1_270' title='bbox 962 2175 1006 2196; x_wconf 82' lang='lat' dir='ltr'><strong>m.</strong></span> <span class='ocrx_word' id='word_1_271' title='bbox 1021 2174 1080 2207; x_wconf 76' lang='lat' dir='ltr'><strong>pr.</strong></span> <span class='ocrx_word' id='word_1_272' title='bbox 1183 2166 1222 2195; x_wconf 80' lang='lat'><strong>15</strong></span> <span class='ocrx_word' id='word_1_273' title='bbox 1250 2164 1328 2195; x_wconf 88' lang='lat' dir='ltr'><strong>tum</strong></span> <span class='ocrx_word' id='word_1_274' title='bbox 1350 2162 1484 2206; x_wconf 73' lang='lat' dir='ltr'><strong>Zump-</strong></span> 
     </span>
     <span class='ocr_line' id='line_1_36' title="bbox 131 2209 1484 2255; baseline 0 -13"><span class='ocrx_word' id='word_1_275' title='bbox 131 2211 220 2244; x_wconf 77' lang='lat' dir='ltr'><strong>tizus</strong></span> <span class='ocrx_word' id='word_1_276' title='bbox 243 2214 367 2243; x_wconf 77' lang='lat' dir='ltr'><strong>tamen</strong></span> <span class='ocrx_word' id='word_1_277' title='bbox 388 2213 427 2243; x_wconf 87' lang='lat' dir='ltr'><strong>A.</strong></span> <span class='ocrx_word' id='word_1_278' title='bbox 503 2209 686 2255; x_wconf 85' lang='lat' dir='ltr'><strong>Philotas]</strong></span> <span class='ocrx_word' id='word_1_279' title='bbox 708 2209 882 2254; x_wconf 65' lang='lat' dir='ltr'><strong>phylotas</strong></span> <span class='ocrx_word' id='word_1_280' title='bbox 904 2213 974 2242; x_wconf 86' lang='lat' dir='ltr'><strong>BF.</strong></span> <span class='ocrx_word' id='word_1_281' title='bbox 1058 2213 1097 2243; x_wconf 73' lang='lat'><strong>17</strong></span> <span class='ocrx_word' id='word_1_282' title='bbox 1119 2209 1169 2255; x_wconf 85' lang='lat' dir='ltr'><strong>Is]</strong></span> <span class='ocrx_word' id='word_1_283' title='bbox 1191 2209 1248 2242; x_wconf 89' lang='lat' dir='ltr'><strong>his</strong></span> <span class='ocrx_word' id='word_1_284' title='bbox 1268 2213 1303 2242; x_wconf 90' lang='lat' dir='ltr'><strong>P.</strong></span> <span class='ocrx_word' id='word_1_285' title='bbox 1380 2209 1484 2244; x_wconf 83' lang='lat' dir='ltr'><strong>detu-</strong></span> 
     </span>
     <span class='ocr_line' id='line_1_37' title="bbox 132 2255 1482 2302; baseline -0.001 -12"><span class='ocrx_word' id='word_1_286' title='bbox 132 2257 224 2291; x_wconf 81' lang='lat' dir='ltr'><strong>leiat</strong></span> <span class='ocrx_word' id='word_1_287' title='bbox 251 2260 396 2299; x_wconf 63' lang='lat' dir='ltr'><strong>stater</strong></span> <span class='ocrx_word' id='word_1_288' title='bbox 424 2258 544 2301; x_wconf 71' lang='lat' dir='ltr'><strong>Voyel:</strong></span> <span class='ocrx_word' id='word_1_289' title='bbox 575 2257 760 2291; x_wconf 81' lang='lat' dir='ltr'><strong>detulerat</strong></span> <span class='ocrx_word' id='word_1_290' title='bbox 779 2260 819 2290; x_wconf 89' lang='lat' dir='ltr'><strong>A.</strong></span> <span class='ocrx_word' id='word_1_291' title='bbox 896 2261 937 2291; x_wconf 88' lang='lat'><strong>18</strong></span> <span class='ocrx_word' id='word_1_292' title='bbox 965 2256 1153 2302; x_wconf 79' lang='lat' dir='ltr'><strong>Philotae]</strong></span> <span class='ocrx_word' id='word_1_293' title='bbox 1180 2255 1358 2300; x_wconf 79' lang='lat' dir='ltr'><strong>phylotae</strong></span> <span class='ocrx_word' id='word_1_294' title='bbox 1379 2259 1482 2290; x_wconf 80' lang='lat' dir='ltr'>BFL.</span> 
     </span>
     <span class='ocr_line' id='line_1_38' title="bbox 132 2303 1482 2349; baseline -0.001 -11"><span class='ocrx_word' id='word_1_295' title='bbox 132 2308 175 2338; x_wconf 67' lang='grc' dir='ltr'><strong>’ΞΟ</strong></span> <span class='ocrx_word' id='word_1_296' title='bbox 209 2304 410 2338; x_wconf 84' lang='lat' dir='ltr'><strong>iactatione</strong></span> <span class='ocrx_word' id='word_1_297' title='bbox 444 2305 660 2339; x_wconf 79' lang='lat' dir='ltr'><strong>Frobem&#39;us:</strong></span> <span class='ocrx_word' id='word_1_298' title='bbox 699 2304 843 2338; x_wconf 85' lang='lat' dir='ltr'><strong>actione</strong></span> <span class='ocrx_word' id='word_1_299' title='bbox 876 2307 915 2338; x_wconf 89' lang='lat' dir='ltr'><strong>A.</strong></span> <span class='ocrx_word' id='word_1_300' title='bbox 1039 2308 1082 2338; x_wconf 75' lang='lat'><strong>‘25</strong></span> <span class='ocrx_word' id='word_1_301' title='bbox 1115 2304 1253 2349; x_wconf 85' lang='lat' dir='ltr'><strong>inquit]</strong></span> <span class='ocrx_word' id='word_1_302' title='bbox 1289 2303 1417 2348; x_wconf 74' lang='lat' dir='ltr'><strong>inquid</strong></span> <span class='ocrx_word' id='word_1_303' title='bbox 1446 2307 1482 2337; x_wconf 82' lang='lat'><strong>1..</strong></span> 
     </span>
     <span class='ocr_line' id='line_1_39' title="bbox 131 2351 1269 2397; baseline 0 -12"><span class='ocrx_word' id='word_1_304' title='bbox 131 2356 173 2385; x_wconf 72' lang='lat'><strong>26</strong></span> <span class='ocrx_word' id='word_1_305' title='bbox 203 2351 387 2397; x_wconf 79' lang='lat' dir='ltr'><strong>Philotae]</strong></span> <span class='ocrx_word' id='word_1_306' title='bbox 416 2351 592 2396; x_wconf 68' lang='lat' dir='ltr'><strong>phylotae</strong></span> <span class='ocrx_word' id='word_1_307' title='bbox 619 2355 689 2384; x_wconf 85' lang='lat' dir='ltr'><strong>BF.</strong></span> <span class='ocrx_word' id='word_1_308' title='bbox 789 2356 830 2385; x_wconf 69' lang='grc' dir='ltr'><strong>Ξῖ</strong></span> <span class='ocrx_word' id='word_1_309' title='bbox 860 2351 1028 2397; x_wconf 85' lang='lat' dir='ltr'><strong>deberet]</strong></span> <span class='ocrx_word' id='word_1_310' title='bbox 1056 2351 1208 2386; x_wconf 86' lang='lat' dir='ltr'><strong>dederet</strong></span> <span class='ocrx_word' id='word_1_311' title='bbox 1233 2354 1269 2385; x_wconf 89' lang='lat' dir='ltr'><strong>P.</strong></span> 
     </span>
    </p>
   </div>
   <div class='ocr_carea' id='block_1_5' title="bbox 1512 759 1550 783">
    <p class='ocr_par' dir='ltr' id='par_1_5' title="bbox 1512 759 1550 783">
     <span class='ocr_line' id='line_1_40' title="bbox 1512 759 1550 783; baseline 0 0"><span class='ocrx_word' id='word_1_312' title='bbox 1512 759 1550 783; x_wconf 87' lang='lat'><strong>10</strong></span> 
     </span>
    </p>
   </div>
   <div class='ocr_carea' id='block_1_6' title="bbox 1464 1036 1564 1076">
    <p class='ocr_par' dir='ltr' id='par_1_6' title="bbox 1464 1036 1564 1076">
     <span class='ocr_line' id='line_1_41' title="bbox 1464 1036 1564 1076; baseline 0 0"><span class='ocrx_word' id='word_1_313' title='bbox 1464 1036 1564 1076; x_wconf 59' lang='lat'><strong>2⁰29</strong></span> 
     </span>
    </p>
   </div>
   <div class='ocr_carea' id='block_1_7' title="bbox 1512 1115 1546 1140">
    <p class='ocr_par' dir='ltr' id='par_1_7' title="bbox 1512 1115 1546 1140">
     <span class='ocr_line' id='line_1_42' title="bbox 1512 1115 1546 1140; baseline 0 0"><span class='ocrx_word' id='word_1_314' title='bbox 1512 1115 1546 1140; x_wconf 74' lang='lat' dir='ltr'><strong>1ss</strong></span> 
     </span>
    </p>
   </div>
   <div class='ocr_carea' id='block_1_8' title="bbox 1509 1648 1543 1674">
    <p class='ocr_par' dir='ltr' id='par_1_8' title="bbox 1509 1648 1543 1674">
     <span class='ocr_line' id='line_1_43' title="bbox 1509 1648 1543 1674; baseline 0.029 -1"><span class='ocrx_word' id='word_1_315' title='bbox 1509 1648 1543 1674; x_wconf 83' lang='lat'><strong>25</strong></span> 
     </span>
    </p>
   </div>
  </div>
 </body>
</html>
