1610 2522
361 91 694 126 HISTORIARFM
721 90 1006 124 ALEXANDRI
1032 90 1092 131 Vl,
1122 94 1175 123 10.
1366 88 1448 130 189

94 205 134 243 te
168 201 314 244 liceret
348 215 475 255 quam
509 200 757 243 clementiae
790 202 897 240 tuae.
956 197 1039 239 Sed
1071 213 1121 239 ne
1155 201 1196 238 te
1229 197 1335 239 mihi
1365 211 1450 239 cre-
1480 210 1520 239 15

95 261 251 302 didisse
283 262 515 315 paeniteat,
555 275 620 302 res
653 260 705 300 ad
739 274 804 300 me
836 258 1107 299 deferebatur
1139 272 1162 297 a
1194 270 1344 311 puero,
1377 256 1449 310 qui

94 335 181 362 non
212 323 377 372 testem,
409 334 495 361 non
524 320 681 375 pignus
707 318 855 360 indicii
883 317 1081 359 exhibere
1107 320 1286 371 poterat,
1320 316 1450 370 inple-

96 383 217 421 turus
263 393 408 420 omnes
455 382 588 432 metu,
633 379 667 420 si
706 379 918 432 coepisset
950 376 1096 418 audiri.
1159 375 1378 417 Amatoris
1411 378 1451 417 et
1481 387 1523 416 15

59 439 226 482 sscorti
271 438 411 494 iurgio
456 438 670 493 interponi
715 452 836 479 aures
876 451 990 477 meas
1030 435 1188 477 credidi
1227 436 1376 476 infelix
1411 437 1452 476 et

96 498 222 539 fidem
242 498 331 539 eius
358 500 598 552 suspectam
625 497 768 552 habui,
790 497 904 552 quod
929 510 1016 537 non
1042 497 1132 550 ipse
1161 495 1353 548 deferret,
1381 494 1451 535 sed

97 557 271 598 fratrem
316 557 460 611 potius
507 557 767 598 subornaret.
831 555 991 609 Timui,
1036 569 1087 596 ne
1126 557 1301 609 negaret
1339 569 1454 594 man-
1483 565 1523 594 17

98 617 217 658 dasse
250 631 293 658 se
327 615 528 658 Cebalino
563 620 604 658 et
637 631 714 672 ego
749 615 913 656 viderer
944 616 1093 656 multis
1126 614 1358 655 amicorum
1392 628 1453 654 re-

98 677 163 732 gis
202 676 334 716 fuisse
374 676 553 730 periculi
596 690 731 717 causa.
795 674 865 716 Sic
898 689 1087 729 quoque,
1131 688 1225 714 cum
1260 673 1453 714 laeserim
1483 683 1524 714 18

44 754 79 779 ιο
97 736 327 789 neminem,
369 735 528 789 inveni,
574 735 646 789 qui
685 737 833 776 mallet
863 734 1000 789 perire
1033 748 1099 774 me
1133 748 1260 787 quam
1295 733 1454 774 incolu-

100 810 209 836 mem
231 808 338 836 esse:
363 795 464 848 quid
484 795 805 836 inimicitiarum
826 793 997 834 creditis
1018 795 1292 847 excepturum
1312 792 1455 843 fuisse,

100 854 135 895 si
167 855 357 895 insontes
390 854 683 896 lacessissem'?
734 853 793 894 At
831 853 943 894 enim
976 853 1171 907 Dymnus
1205 866 1249 892 se
1283 851 1455 893 occidit!
1486 862 1526 891 19

100 911 216 955 Num
262 913 395 968 igitur
438 913 650 955 facturum
696 928 792 954 eum
838 913 1027 954 divinare
1069 912 1218 966 potui?
1268 911 1455 952 Minime.

100 971 178 1025 Ita,
211 973 326 1026 quod
359 973 497 1015 solum
529 973 686 1014 indicio
719 973 845 1014 fidem
879 972 991 1025 fecit,
1026 971 1068 1012 id
1101 985 1179 1025 me,
1212 986 1307 1012 cum
1335 986 1358 1011 a
1385 968 1455 1011 Ce-

28 1037 79 1074 39
100 1031 245 1074 balino
278 1032 574 1086 interpellatus
601 1047 706 1085 sum,
739 1047 910 1073 movere
935 1046 1022 1073 non
1048 1033 1227 1085 poterat.
1279 1029 1337 1070 At
1364 1029 1457 1070 hei·-
1484 1040 1529 1070 ‘20

49 1111 82 1136 ιε
102 1092 229 1146 cules,
262 1092 297 1133 si
331 1092 523 1133 conscius
556 1092 727 1146 Dymno
759 1091 869 1133 tanti
904 1091 1072 1132 sceleris
1105 1090 1293 1143 fuissem,
1326 1088 1456 1130 biduo

102 1151 195 1204 isso,
239 1151 432 1205 proditos
472 1165 562 1193 esse
593 1166 688 1204 nos,
734 1151 1000 1192 dissimulare
1032 1164 1118 1190 non
1153 1149 1295 1190 debui:
1331 1147 1456 1189 Ceba-⁷

102 1210 215 1251 linus
248 1211 337 1265 ipse
370 1211 466 1253 tolli
499 1211 548 1252 de
581 1210 722 1252 medio
748 1213 952 1264 nulloque
978 1210 1152 1265 negotio
1180 1210 1333 1263 potuit.
1378 1207 1459 1248 De-
1486 1219 1528 1248 21

104 1271 234 1323 nique
266 1273 363 1324 post
391 1270 578 1311 delatum
605 1270 820 1324 indicium,
853 1269 962 1322 quod
986 1272 1212 1323 operturus
1239 1283 1366 1321 eram,
1394 1282 1459 1308 cu-

51 1348 84 1373 20
105 1328 294 1370 biculum
326 1331 438 1385 regis
466 1329 582 1370 solus
609 1329 777 1383 intravi,
808 1330 920 1370 ferro
949 1329 1121 1383 quidem
1148 1328 1322 1368 cinctus.
1376 1326 1461 1368 Cur

106 1388 253 1429 distuli
284 1389 478 1430 facinus?
517 1388 591 1432 An
623 1390 713 1430 sine
744 1388 915 1442 Dymno
947 1403 1034 1429 non
1067 1403 1157 1429 sum
1195 1387 1351 1428 ausus?
1383 1385 1461 1427 Ille
1488 1397 1531 1426 ‘22

106 1447 239 1502 igitur
282 1449 479 1502 princeps
525 1448 830 1489 coniurationis
874 1448 972 1489 fuit!
1026 1446 1102 1488 sub
1149 1446 1264 1488 illius
1309 1445 1459 1486 umbra

106 1507 300 1548 Philotas
332 1507 528 1557 latebam,
561 1509 635 1562 qui
666 1522 845 1563 regnum
866 1507 1146 1548 Macedonum
1173 1505 1356 1547 adfecto!
1383 1504 1462 1546 Ec-

108 1567 203 1620 quis
237 1582 258 1608 e
291 1567 412 1608 vobis
445 1570 670 1621 corruptus
703 1569 765 1608 est
794 1566 946 1608 donis‘.>
979 1566 1111 1615 Quem
1141 1565 1304 1619 ducem,
1337 1579 1462 1618 quem

54 1644 88 1670 25
108 1626 368 1681 praefectum
420 1627 638 1681 inpensius
690 1626 831 1667 colui?
893 1625 999 1667 Mihi
1049 1625 1219 1680 quidem
1266 1624 1464 1669 obicitur,
1492 1634 1536 1665 -23

111 1686 224 1739 quod
256 1686 500 1728 societatem
535 1687 664 1739 patrii
698 1686 904 1727 sermonis
937 1699 1149 1740 asperner,
1182 1684 1296 1738 quod
1328 1683 1463 1724 Mace*

111 1745 269 1786 donum
315 1760 454 1786 mores
498 1745 726 1786 fastidiam.
798 1744 868 1786 Sic
900 1759 979 1799 ego
1013 1744 1208 1798 imperio,
1253 1743 1367 1798 quod
1399 1742 1465 1783 de-

208 1877 226 1907 3
254 1873 443 1919 exhibere]
470 1873 618 1908 exibere
643 1878 679 1908 P.
777 1878 797 1907 4
826 1873 1025 1919 coepisset]
1054 1873 1213 1917 cepisset
1239 1876 1275 1906 P.
1381 1874 1400 1905 S
1429 1883 1466 1905 se

111 1924 187 1954 BP:
225 1932 301 1955 sese
322 1924 429 1955 FLV.
536 1924 579 1955 10
605 1921 845 1967 incolumem]
873 1920 1093 1955 incolomem
1120 1924 1180 1953 FP
1201 1932 1245 1954 m.
1261 1931 1338 1964 pta,
1367 1918 1466 1952 inco-

113 1967 239 2002 lumen
259 1972 298 2002 V.
399 1973 441 2003 12
468 1968 650 2015 insontes]
671 1968 845 2012 inpontes
865 1972 890 2001 P
910 1980 954 2003 m.
970 1980 1028 2012 pr.
1141 1967 1206 2013 At]
1233 1967 1281 2001 ad
1301 1970 1326 1999 P
1349 1979 1391 2001 m.
1407 1978 1466 2019 po}

116 2018 157 2049 13
179 2015 293 2062 Num]
314 2027 411 2050 nunc
425 2020 450 2049 P
473 2028 515 2050 m.
530 2028 590 2060 pr.
659 2016 782 2062 potui]
802 2015 931 2060 potui*
947 2019 1017 2050 LP.
1089 2018 1130 2048 15
1151 2014 1312 2060 movere]
1327 2025 1468 2048 moueri

114 2066 139 2096 P
164 2074 209 2097 m.
225 2075 284 2107 pr.
358 2063 542 2109 hercules]
568 2063 740 2098 hercule*
762 2067 798 2105 P,
825 2063 966 2098 ercules
986 2067 1045 2096 FL
1068 2075 1110 2097 m.
1126 2075 1185 2107 pr.
1275 2065 1317 2095 17
1343 2061 1468 2105 prodi-

114 2110 189 2156 tos]
216 2111 384 2155 proditus
405 2115 430 2144 P
452 2123 495 2145 m.
513 2123 570 2155 pr.
647 2114 690 2145 18
709 2110 793 2144 tolli
806 2114 839 2145 1:
861 2110 961 2145 tollit
982 2113 1020 2144 A.
1092 2114 1132 2144 19
1154 2109 1352 2155 indicium]
1372 2108 1470 2142 indi-

115 2157 210 2191 tium
224 2162 258 2192 L.
334 2159 429 2202 quod
449 2160 644 2202 operturus
664 2159 823 2203 Ieepius:
852 2158 1061 2202 operiturus
1085 2161 1144 2190 FP
1166 2170 1208 2191 m.
1226 2169 1296 2201 pr„
1324 2156 1470 2200 opperi-

116 2206 220 2238 turus
235 2208 342 2240 BLV.
411 2208 455 2240 20
469 2206 621 2251 intravi]
636 2205 793 2240 intrauit
807 2209 831 2238 P
849 2217 890 2240 m.
900 2217 959 2249 pr.
1045 2209 1087 2239 21
1102 2204 1264 2250 facinus]
1279 2203 1419 2237 fatinus
1434 2208 1469 2240 L,

117 2251 259 2286 facinos
279 2256 304 2285 P
327 2265 367 2287 m.
383 2265 443 2297 pr.
540 2253 607 2287 me
633 2253 750 2297 igitur
770 2253 959 2298 princeps]
981 2252 1045 2286 ille
1065 2252 1222 2297 igigitur
1241 2251 1429 2296 principes
1446 2255 1471 2283 P

119 2311 162 2334 m.
184 2312 256 2344 pr„
277 2299 334 2333 illi
354 2300 471 2343 igitur
495 2301 667 2344 princeps
687 2304 712 2333 P
733 2311 823 2335 corr.
921 2303 963 2333 23
995 2299 1159 2334 Philotas
1180 2303 1213 2333 1:
1242 2298 1416 2343 phylotas
1439 2302 1470 2333 C.

119 2346 242 2381 filotas
257 2350 292 2381 Ρ.
374 2347 525 2393 Ecquis]
547 2347 722 2391 haeequis
737 2351 774 2381 F.
850 2351 893 2380 *27
916 2348 1000 2393 ego]
1022 2358 1109 2391 ergo
1124 2351 1150 2380 F
1173 2359 1214 2381 m.
1230 2359 1302 2391 pr„
1324 2356 1415 2390 ex<g0
1430 2349 1470 2377 V.
