1610 2522
51 232 99 268 40

67 784 99 807 10

67 1080 98 1105 15

67 1378 100 1403 20

382 116 714 152 HISTORIARUM
743 116 1025 150 ALEXANDRI
1052 116 1130 159 VH,
1160 120 1212 150 10.
1388 115 1473 156 245

209 227 258 269 In
286 226 512 283 Sogdianis
539 226 748 267 Peucolao
777 240 872 267 cum
906 237 955 266 111
989 225 1162 266 milibus
1194 225 1386 279 peditum
1420 249 1472 253 .—

121 302 256 342 neque
290 288 401 328 enim
435 286 594 327 maiore
620 285 832 340 praesidio
861 284 1079 340 indigebat
1105 309 1161 313 —
1189 285 1337 326 relicto
1371 284 1474 325 Bac-

122 350 185 388 tra
218 346 421 401 pervenit.
471 345 573 386 Inde
606 345 786 386 Bessum
813 344 1032 386 Ecbatana
1063 344 1156 385 ducii
1192 344 1316 385 iussit
1348 345 1474 385 inter-

121 407 232 448 fecto
265 405 404 447 Dareo
443 419 599 459 poenas
638 405 775 458 capite
814 406 1143 458 persoluturum.
1215 403 1354 444 Isdem
1386 404 1474 444 fere

122 465 268 507 diebus
304 465 577 507 Ptolomaeus
618 466 660 505 et
691 464 925 505 Melanidas
958 463 1150 518 peditum
1184 475 1251 504 1111
1284 462 1402 504 milia
1435 465 1475 504 et

122 526 285 580 equites
318 537 351 566 M
396 524 663 565 adduxerunt
707 523 895 564 mercede
939 523 1208 564 militaturos.
1283 522 1476 563 Asander

122 599 290 639 quoque
324 599 373 625 ex
394 584 526 638 Lycia
558 598 653 625 cum
688 585 779 637 pari
811 597 987 624 numero
1016 583 1207 637 peditum
1235 585 1276 623 et
1303 594 1332 623 D
1360 582 1474 636 equi-

121 644 235 685 tibus
273 645 399 685 venit.
463 643 656 684 Totidem
695 658 744 683 ex
781 641 902 696 Syria
934 641 1288 696 Asclepiodorum
1331 656 1474 695 seque-

121 704 287 745 bantur.
350 702 578 758 Antipater
611 701 866 743 Graec-orum
900 714 981 742 vm
1020 702 1155 755 milia,
1200 702 1245 742 in
1287 701 1381 756 quis
1414 712 1476 742 DC

120 763 284 817 equites
325 766 459 816 erant,
504 763 687 803 miserat.
751 761 900 815 ltaque
940 762 1127 803 exercitu
1167 764 1288 802 aucto
1331 761 1383 802 ad
1416 776 1475 815 ea,

120 837 227 877 quae
272 822 508 865 defectione
552 821 721 862 turbata
764 825 901 875 erant,
946 821 1223 875 conponenda
1254 821 1475 875 processit,

120 882 438 936 interfectisque
472 882 827 923 consternationis
862 881 1108 923 auctoribus
1142 883 1293 934 quarto
1328 881 1394 921 die
1424 881 1475 921 ad

119 942 277 983 fiumen
311 940 450 982 Oxum
484 944 733 995 perventum
767 944 841 982 est.
902 940 998 993 Hic,
1031 941 1131 994 quia
1162 941 1312 981 limum
1346 939 1475 993 vehit,

120 1001 315 1042 turbidus
355 1015 536 1054 semper,
582 1000 809 1041 insalubris
848 1002 910 1041 est
944 1000 1076 1054 potui.
1139 998 1290 1053 ltaque
1322 1002 1474 1054 puteos

119 1061 240 1102 miles
286 1063 482 1114 coeperat
524 1059 687 1114 fodere,
730 1074 808 1101 nec
852 1063 994 1101 tamen
1036 1059 1166 1101 humo
1206 1061 1289 1101 alte
1331 1062 1475 1115 egesta

120 1120 329 1162 existebat
370 1120 535 1161 humor.
598 1119 787 1160 Tandem
827 1119 871 1160 in
911 1120 1004 1174 ipso
1046 1119 1320 1160 tabernaculo
1362 1119 1475 1174 regis

120 1183 372 1234 conspectus
412 1183 475 1220 est
512 1179 624 1220 fons:
660 1193 784 1233 quem
817 1179 917 1234 quia
952 1179 1070 1220 tarde
1112 1181 1376 1233 notaverant,
1410 1193 1474 1219 su-

120 1240 209 1280 bito
243 1239 434 1280 extitisse
459 1240 687 1292 finxerunt,
720 1253 878 1293 rexque
904 1240 996 1293 ipse
1029 1239 1143 1280 credi
1174 1238 1323 1292 voluit,
1356 1239 1476 1280 deum

121 1299 278 1340 donum
320 1299 362 1340 id
401 1298 543 1339 fuisse.
608 1297 826 1352 Superatis
867 1298 1016 1339 deinde
1054 1297 1249 1339 amnibus
1284 1296 1401 1339 Ocho
1435 1300 1476 1338 et

121 1357 212 1399 Oxo
257 1358 307 1399 ad
351 1358 499 1399 urbem
545 1358 808 1413 Margianam
855 1359 1056 1412 pervenit.
1132 1357 1254 1399 Circa
1296 1372 1386 1399 eam
1427 1369 1476 1398 VI

121 1418 290 1472 oppidis
332 1417 561 1458 condendis
604 1419 736 1458 electa
775 1417 891 1458 sedes
931 1420 1011 1470 est,
1056 1418 1139 1458 duo
1173 1417 1225 1458 ad
1256 1417 1475 1458 meridiem

120 1492 252 1531 versa,
285 1489 353 1518 [ΙΙΙ
386 1477 622 1531 spectantia
655 1477 875 1518 orientem:
909 1477 1086 1518 modicis
1118 1477 1230 1518 inter
1255 1492 1298 1517 se
1326 1476 1476 1530 spatiis

121 1537 353 1589 distabant,
396 1551 448 1577 ne
486 1538 636 1590 procul
673 1536 948 1590 repetendum
989 1539 1099 1577 esset
1130 1539 1327 1577 mutuum
1361 1535 1476 1576 auxi-

119 1597 234 1637 lium.
298 1595 414 1637 Haec
451 1596 592 1636 omnia
626 1596 707 1636 sita
740 1598 838 1636 sunt
872 1597 915 1636 in
947 1596 1071 1637 editis
1105 1596 1294 1637 collibus.
1357 1595 1476 1636 Tunc

218 1765 235 1794 1
259 1772 341 1794 cum
363 1773 403 1794 111
422 1759 574 1794 milibus
595 1764 627 1795 1:
656 1773 737 1795 cum
760 1761 801 1795 131
815 1761 838 1795 b
861 1766 894 1803 C,
916 1773 998 1795 cuni
1020 1762 1058 1794 111
1074 1775 1093 1794 n
1114 1765 1149 1795 P,
1227 1765 1246 1793 2
1274 1760 1413 1794 maiore
1433 1764 1474 1794 P:

122 1808 254 1842 maiori
274 1813 306 1841 G.
394 1811 415 1841 4
440 1807 733 1854 persoluturum]
760 1808 1051 1853 persoluiturum
1071 1813 1105 1842 P.
1192 1813 1211 1841 ῑ)
1239 1807 1474 1842 Ptolomaeus

120 1857 265 1900 scripsi:
293 1855 501 1900 ptolomeus
528 1860 561 1899 c,
587 1855 822 1900 ptholomeus
849 1860 884 1890 P.
970 1856 1176 1890 Melanidas
1203 1857 1349 1900 scripsi:
1377 1867 1476 1889 mae-

122 1903 229 1938 nidas
255 1906 294 1936 A.
411 1916 467 1936 1111
493 1907 534 1937 P:
566 1916 609 1937 111
635 1908 667 1937 G.
779 1908 798 1938 6
826 1904 993 1937 Asander
1025 1905 1242 1939 Schmiecler:
1277 1902 1477 1937 alexander

123 1954 233 1993 FLP,
260 1950 481 1985 aelexander
506 1953 531 1984 B
559 1963 602 1985 m.
619 1963 677 1995 pr.
699 1955 738 1986 V.
835 1955 851 1985 Τ
879 1952 938 1997 ex]
966 1954 1003 1986 et
1028 1956 1063 1985 P.
1162 1951 1293 1997 Lycia]
1319 1950 1413 1993 lytia
1438 1954 1474 1993 P,

121 1998 209 2032 licia
236 2001 261 2031 B
283 2010 325 2032 m.
347 2010 406 2043 pr.
434 2002 470 2032 F.
594 2002 614 2031 8
642 1998 764 2045 Syria]
798 1999 887 2032 siria
912 2003 948 2032 F.
1072 2003 1090 2033 9
1118 2012 1183 2033 vm
1208 1998 1329 2044 milia]
1356 2011 1420 2031 v111
1442 2003 1474 2031 c.

123 2050 166 2080 10
182 2046 307 2092 aucto]
321 2048 434 2080 auctu
444 2050 479 2079 P.
555 2046 618 2091 ad]
633 2048 672 2080 at
682 2051 718 2080 P.
796 2051 837 2080 12
853 2047 1002 2092 quarto}
1017 2059 1071 2080 1111
1087 2050 1189 2081 BFL.
1269 2050 1309 2080 15
1332 2046 1475 2091 egesta]

121 2094 174 2128 sic
191 2097 216 2126 P
245 2105 287 2126 m.
302 2105 375 2137 pr„
401 2094 462 2128 sed
481 2105 570 2128 eras.
593 2099 625 2128 et
643 2095 765 2128 eadem
788 2106 895 2128 ”zaim
918 2106 1006 2129 corr.
1030 2105 1151 2139 egens.
1241 2098 1283 2128 16
1309 2093 1475 2127 Tandem

123 2141 323 2175 Kinchius:
345 2142 469 2175 tamen
490 2144 528 2174 A.
606 2141 864 2187 tabernaculo]
886 2141 1167 2176 tabernaculum
1190 2146 1222 2175 c.
1300 2145 1341 2174 is
1362 2140 1475 2174 finxe-

123 2188 224 2234 runt]
251 2189 456 2222 fincxernnt
481 2192 516 2222 P.
621 2189 744 2224 deum
770 2190 907 2223 donum
933 2193 966 2223 I:
1000 2190 1137 2223 donum
1163 2193 1201 2223 A.
1308 2192 1351 2222 20
1379 2188 1474 2222 Mar-

123 2236 275 2280 gianam
310 2236 482 2270 ortelius:
515 2237 749 2281 marg-aniam
775 2240 804 2269 A
840 2237 1079 2282 [marginiam
1106 2237 1158 2282 B].
1293 2236 1343 2281 vi]
1377 2240 1411 2270 vu
1438 2239 1473 2269 P.

124 2287 166 2316 21
196 2283 414 2329 condendis]
443 2284 637 2317 contendis
664 2288 699 2317 P.
824 2288 866 2318 22
895 2285 1119 2330 spectantia]
1148 2284 1337 2328 spetantia
1363 2288 1402 2317 V.

124 2330 256 2374 spatiis
280 2330 501 2365 Frobem'us:
530 2331 661 2364 stadiis
676 2334 714 2364 A.
800 2335 843 2366 23
865 2331 1072 2378 distabant]
1095 2332 1294 2366 adstabant
1316 2335 1340 2364 P
1363 2343 1473 2375 impr.

125 2381 168 2412 24
195 2379 285 2412 tunc
308 2379 454 2423 scripsi:
481 2380 561 2412 tum
587 2382 626 2412 A.

1502 236 1544 266 10

1503 415 1543 444 11

1504 534 1544 563 12

1504 773 1545 803 13

1504 1012 1545 1042 14

1505 1310 1545 1340 15

1505 1608 1518 1637 1
1527 1608 1546 1637 ‹J›
