1610 2522
152 110 233 151 186
653 114 692 151 Q.
721 109 863 144 ‹V'L'st'l'l
893 111 1002 144 RUFI

149 220 438 270 coniunxerat,
471 221 611 260 tamen
644 220 782 260 acrius
816 234 942 273 quam
976 221 1199 274 quisquam
1236 222 1277 261 in
1303 220 1501 262 Philotan

150 279 341 320 invectus
379 281 443 319 est
482 278 735 331 parricidam
770 293 858 320 esse
894 279 1023 334 regis,
1067 280 1247 333 patriae,
1292 280 1502 322 exercitus

80 349 120 379 31
152 338 374 379 clamitans
418 352 669 392 saxumque,
715 338 827 391 quod
872 338 981 380 forte
1019 342 1115 379 ante
1157 339 1284 393 pedes
1326 339 1502 382 iacebat.

150 397 356 451 corripuit
401 397 633 437 emissurus
679 397 721 437 in
761 412 875 449 euni,
920 402 967 438 ut
999 397 1189 452 plerique
1222 398 1503 450 crediderunt,

149 457 374 497 tormentis
414 456 664 497 subtrahere
704 458 888 511 cupiens.
965 456 1047 497 Sed
1090 472 1163 498 rex
1202 473 1373 499 manum
1412 458 1502 500 eius
1541 475 1555 497 5

151 516 336 557 inhibuit
370 515 568 557 dicendae
602 517 720 570 prius
753 530 902 558 causae
939 516 1089 558 debere
1121 517 1211 557 fieri
1245 519 1500 571 potestatem

77 588 119 616 32
148 590 218 616 reo
259 590 332 617 nec
372 575 495 616 aliter
533 575 710 616 iudicari
751 591 974 629 passurum
1016 590 1059 616 se
1092 576 1330 617 adfirmans.
1393 575 1500 617 Tum

149 635 285 676 dicere
326 636 466 676 iussus
503 634 714 687 Philotas,
765 635 852 676 sive
893 635 1152 677 conscientia
1193 635 1363 677 sceleris
1415 636 1503 677 sive

148 694 325 748 periculi
358 693 652 748 magnitudine
684 709 829 735 amens
861 697 902 735 et
933 695 1156 747 attonitus,
1190 710 1275 736 non
1308 697 1503 737 attollere

76 765 120 795 33
149 753 308 806 oculus,
341 768 425 794 non
458 753 621 795 hiscere
654 754 847 795 audebat.
910 754 1117 795 Lacrimis
1151 754 1301 795 deinde
1333 769 1504 795 manan-
1527 772 1557 796 ιο

148 814 281 866 tibus,
322 813 541 867 linquente
574 814 714 855 aninlo
748 815 789 854 in
825 828 939 865 eum,
985 829 1007 854 a
1041 828 1123 867 quo
1157 814 1399 866 tenebatur,
1443 814 1503 854 in-

149 873 296 914 cubuit
333 872 618 926 abstersisque
664 873 847 915 amiculo
893 873 982 914 eius
1029 873 1164 914 oculis
1202 873 1406 928 paulatim
1444 887 1503 914 re-

78 944 120 974 34
149 933 308 986 cipiens
339 932 538 986 spiritum
571 947 618 972 ac
648 946 793 973 vocem
824 932 1016 974 dicturus
1045 933 1279 974 videbatur.
1330 931 1503 986 Iamque

149 1006 221 1033 rex
260 991 430 1032 intuens
470 1006 584 1032 eum:
632 991 928 1045 ‘Macedones’,
973 993 1128 1045 inquit,
1174 992 1239 1033 ‘de
1272 995 1313 1033 te
1347 992 1502 1033 iudica-

148 1051 233 1091 turi
267 1054 382 1092 sunt:
417 1065 587 1104 quaero,
619 1066 672 1092 an
698 1051 837 1104 patrio
866 1066 1058 1092 sermone
1087 1051 1144 1092 sis
1171 1051 1283 1106 apud
1310 1066 1380 1092 eos
1407 1065 1504 1092 usu·
1526 1069 1556 1093 15

77 1122 120 1152 35
149 1111 247 1151 rus.²
300 1110 407 1151 Tum
429 1110 640 1152 Philotas:
669 1110 856 1152 ‘Praeter
876 1110 1159 1164 Macedonas',
1185 1111 1337 1164 inquit,
1365 1110 1502 1165 ‘pleri-

149 1185 228 1224 que
274 1170 444 1223 adsunt,
496 1184 601 1224 quos
643 1169 828 1224 facilius,
879 1185 985 1224 quae
1025 1170 1177 1223 dicam,
1229 1173 1503 1224 percepturos

148 1229 351 1277 arbitror,
396 1229 431 1269 si
476 1229 619 1270 eadem
662 1230 806 1284 lingua
845 1229 965 1270 fuero
1004 1244 1124 1279 usuS,
1170 1244 1253 1283 qua
1285 1232 1332 1270 tu
1365 1229 1504 1285 egisti,

147 1303 231 1329 non
268 1290 320 1330 ob
355 1288 482 1331 aliud.
514 1289 651 1339 credo,
685 1304 810 1343 quam
844 1292 892 1329 ut
922 1289 1057 1330 oratio
1085 1292 1157 1329 tua
1184 1289 1375 1344 intellegi
1408 1303 1503 1343 pos·

76 1359 120 1390 36
148 1352 211 1389 set
244 1364 267 1389 a
299 1348 520 1402 pluribus.'
572 1348 681 1388 Tum
714 1364 803 1389 rex:
838 1348 1020 1402 ‘Ecquid
1052 1348 1204 1389 videtis
1237 1348 1341 1389 adeo
1375 1349 1501 1389 etiam
1525 1366 1557 1390 πο

149 1409 355 1449 sermonis
397 1408 526 1462 patrii
558 1407 761 1448 Philotan
793 1408 988 1449 taedere‘.>
1039 1406 1164 1449 Solus
1197 1408 1355 1462 quippe
1387 1407 1502 1449 fasti-

149 1467 210 1508 dit
249 1482 343 1507 eum
383 1467 554 1508 discere.
619 1466 700 1508 Sed
744 1468 857 1509 dicat
890 1481 1008 1521 sane,
1054 1470 1283 1521 utcumque
1316 1467 1353 1507 ei
1388 1466 1502 1508 cordi

148 1530 225 1579 est,
258 1527 357 1567 dum
390 1527 669 1568 memineritis
699 1541 830 1581 aeque
861 1526 980 1567 illum
1008 1541 1031 1566 a
1057 1529 1204 1567 nostro
1231 1540 1348 1567 more
1376 1540 1502 1580 quam

99 1591 129 1624 X
149 1600 342 1627 sermone
370 1585 625 1627 abhorrere*
677 1586 820 1640 Atque
847 1586 906 1626 ita
932 1587 1131 1627 contione
1158 1587 1347 1627 excessit.
1393 1584 1501 1625 Tum
1523 1589 1570 1624 3?

152 1645 355 1685 Philotas:
389 1644 576 1699 eVerba',
608 1646 761 1699 inquit,
795 1645 1027 1686 ‘innocenti
1059 1645 1241 1700 reperire
1273 1643 1398 1686 facile
1428 1648 1502 1687 est.
1525 1662 1555 1686 25

245 1803 260 1830 1
290 1797 464 1831 Philotan
491 1801 533 1831 P:
567 1797 763 1842 phylotam
791 1803 822 1831 C.
959 1802 978 1830 ‘2
1006 1796 1174 1831 invectus
1201 1801 1233 1830 1:
1270 1797 1440 1832 inuectus
1468 1801 1500 1831 C.

148 1846 321 1879 inuentus
348 1848 382 1878 P.
513 1849 532 1878 4
566 1845 743 1889 corripuit
770 1849 802 1878 I:
843 1845 980 1889 eripuit
1006 1848 1044 1878 A.
1175 1848 1193 1877 6
1221 1844 1400 1889 inhibuit]
1432 1844 1501 1877 ini-

147 1893 230 1926 buit.
255 1896 324 1925 FL.
424 1892 602 1926 dicendae
631 1893 732 1937 prius
760 1903 892 1927 causae
919 1896 960 1926 P:
993 1891 1142 1925 dicendi
1169 1892 1270 1936 prius
1298 1902 1446 1925 causam
1468 1895 1499 1924 G.

149 1948 168 1973 ὅ
196 1940 316 1973 iussn>
340 1940 509 1974 Medius:
538 1951 661 1973 rursus
683 1944 719 1981 Ρ,
747 1951 849 1974 orsus
877 1944 909 1974 C.
990 1938 1173 1985 Philotas]
1200 1938 1374 1983 phylotas
1397 1943 1428 1972 C.

147 1987 390 2032 conscientia]
431 1987 655 2021 constientia
687 1991 722 2020 L.
851 1988 925 2021 sive
964 1986 1136 2031 periculi]
1175 1998 1237 2020 sue
1276 1986 1432 2030 periculi
1464 1989 1499 2020 P.

148 2041 167 2069 2)
190 2035 331 2080 amens]
347 2046 499 2079 agmens
514 2038 538 2067 P
556 2048 597 2068 m.
609 2046 666 2078 pr.
742 2033 927 2079 attollere]
943 2033 1107 2068 adallere
1121 2037 1146 2066 B
1164 2045 1287 2078 nuptu,
1303 2032 1501 2068 attolerare

146 2087 172 2116 P
189 2095 230 2116 m.
246 2094 299 2126 pr.
366 2086 408 2116 10
422 2082 582 2127 hiscere}
598 2082 712 2116 iecere
727 2086 762 2116 P.
828 2087 868 2115 11
885 2081 1098 2126 tenebatur]
1109 2081 1334 2115 tenebantur
1347 2085 1372 2114 P
1388 2092 1499 2125 impr.

150 2135 191 2163 12
220 2129 416 2174 paulatim]
443 2129 623 2173 paulaton
650 2133 689 2162 V.
800 2129 999 2174 recipiens]
1025 2129 1204 2172 retipiens
1231 2132 1266 2161 L.
1378 2133 1418 2162 14
1446 2128 1500 2162 in-

149 2177 246 2222 quit]
274 2177 405 2221 inquid
431 2180 466 2210 L.
592 2181 633 2210 15
660 2176 814 2221 quaero]
847 2188 941 2220 quae
975 2186 1061 2210 uero
1088 2180 1123 2209 P.
1249 2180 1290 2209 16
1319 2175 1498 2221 Philotas]

148 2224 322 2268 phylotas
344 2229 375 2258 c.
462 2228 502 2258 17
527 2223 691 2270 facilius]
712 2223 856 2258 futilius
876 2227 912 2260 L.
933 2223 1066 2256 facilus
1087 2227 1115 2256 V
1139 2235 1180 2257 m.
1198 2235 1254 2266 pr.
1325 2227 1368 2256 ‘20
1390 2222 1498 2267 Tum]

150 2274 235 2305 tum·
264 2276 298 2306 L.
387 2271 496 2316 adeo]
524 2271 608 2305 ideo
635 2275 660 2304 P
681 2284 723 2306 m.
741 2284 799 2315 pr.
898 2275 940 2304 21
971 2270 1159 2315 Philotan}
1186 2270 1367 2314 phylotan
1395 2274 1416 2303 c

148 2319 314 2364 taedere]
334 2319 452 2353 teneri
467 2323 491 2352 P
515 2332 555 2353 m.
568 2331 624 2363 pr.
701 2323 743 2352 ⁴23
765 2318 892 2364 quam]
914 2330 986 2363 quo
1008 2329 1028 2352 a
1044 2322 1098 2351 GP
1115 2330 1156 2352 m.
1174 2329 1237 2352 rec.
1314 2321 1356 2351 25
1379 2317 1500 2351 Philo-

149 2368 223 2412 tas]
251 2366 425 2410 phylotas
454 2370 484 2399 C.
585 2366 722 2411 inquit]
750 2365 880 2409 inquid
908 2369 942 2398 L.
1048 2365 1224 2410 reperire‘l
1251 2365 1437 2409 repperire
1463 2368 1498 2397 Ρ.
