1610 2522
63 472 77 496 5

45 770 77 793 10

28 815 75 850 14

44 1067 75 1092 15

42 1364 75 1389 20

338 103 665 138 HISTORIARUM
696 104 982 138 ALEXANDRI
1008 105 1104 148 VIII,
1131 110 1161 139 3.
1184 109 1214 139 4.
1366 106 1450 146 265

99 215 188 254 eius
221 214 485 268 participem,
516 214 706 254 vinctum
728 212 970 254 Alexandro
1007 228 1134 268 seque
1162 214 1330 255 dedunt.
1376 214 1452 256 Ille

100 273 282 314 maxima
315 273 599 326 praesentium
634 288 827 313 curarum
861 276 980 327 parte
1011 273 1215 314 liberatus
1243 275 1453 315 convertit

99 334 286 373 animum
320 333 371 373 ad
404 332 677 373 vindicandas
711 332 885 373 iniurias
914 347 1071 385 eorum,
1105 333 1258 387 quibus
1287 348 1310 374 a
1337 349 1451 387 prae-

99 392 263 433 toribus
291 393 377 432 suis
405 406 528 433 avare
555 406 602 433 ac
629 392 808 446 superbe
836 392 1134 446 imperabatur.
1184 393 1301 448 Ergo
1322 393 1452 434 Phra·
1482 406 1521 436 17

99 451 292 505 tapherni
331 451 590 505 Hyrcaniam
636 454 678 492 et
719 451 889 492 Mardos
928 466 1022 493 cum
1055 451 1236 505 Tapuris
1277 453 1452 494 tradidit

98 511 416 565 mandavitque,
461 514 508 551 ut
545 510 799 565 Phradatem,
844 511 912 552 cui
945 511 1214 565 succedebat,
1248 512 1298 552 ad
1332 527 1374 553 se
1408 513 1451 553 in

98 571 335 611 custodiam
364 571 561 611 mitteret.
602 570 784 624 Arsami,
806 570 1075 626 Drangarum
1102 572 1328 626 praefecto,
1356 572 1451 612 sub-

99 631 273 671 stitutus
313 633 376 670 est
409 628 628 682 Stasanor,
672 629 852 671 Arsaces
892 631 934 670 in
967 630 1149 671 Mediam
1185 631 1360 684 missus,
1404 634 1452 672 ut

98 688 311 743 Oxydates
345 690 441 730 inde
468 689 710 730 discederet.
762 689 1000 743 Babylonia
1029 691 1250 732 demortuo
1279 690 1449 732 Mazaeo

98 750 286 790 Stameni
319 749 508 790 subiecta
540 752 614 789 est.

186 808 265 849 His
293 809 528 862 conpositis
555 810 681 849 tertio
710 823 853 849 mense
882 824 933 849 ex
958 809 1149 850 hibernis
1176 810 1312 850 movit
1339 824 1450 851 exer·
1472 816 1522 849 IV

97 868 227 908 citum
254 868 485 923 regionem,
512 882 618 922 quae
641 867 800 909 Gazaca
825 871 1076 922 appellatur,
1103 869 1307 910 aditurus,
1362 869 1451 910 Pri·
1478 882 1496 911 -2

96 942 189 967 nius
223 927 311 967 dies
344 928 535 982 quietum
570 929 649 968 iter
680 927 894 982 praebuit,
935 929 1157 981 proximus
1191 930 1228 969 ei
1261 929 1450 970 nondum

97 987 266 1040 quidem
298 989 559 1040 procellosus
593 990 635 1027 et
660 988 809 1039 tristis,
843 987 1064 1029 obscurior
1096 991 1237 1029 tamen
1269 988 1450 1042 pristino

96 1061 182 1086 non
209 1047 297 1087 sine
325 1046 451 1087 minis
479 1047 705 1087 crescentis
732 1047 833 1087 mali
859 1047 1090 1101 praeteriit,
1111 1048 1238 1088 tertio
1261 1047 1312 1088 ab
1335 1049 1451 1088 omni
1479 1061 1498 1090 3

96 1108 214 1159 parte
255 1106 357 1146 caeli
396 1107 573 1147 emicare
614 1106 787 1162 fulgura
819 1110 860 1148 et
892 1121 1005 1148 nunc
1037 1107 1313 1148 internitente
1346 1108 1450 1160 luce,

95 1179 208 1206 nunc
240 1166 412 1206 condita
442 1180 528 1206 non
562 1165 707 1207 oculos
740 1166 866 1207 modo
900 1166 1080 1207 meantis
1115 1168 1341 1220 exercitus,
1378 1168 1449 1208 sed

96 1224 222 1264 etiam
257 1225 420 1266 animos
453 1228 610 1266 terrere
637 1228 879 1279 coeperunt.
931 1225 1037 1266 Erat
1062 1240 1194 1280 prope
1222 1227 1449 1268 continuus
1477 1240 1497 1270 4

97 1284 201 1325 caeli
245 1285 406 1339 fragor,
450 1287 492 1325 et
536 1285 694 1339 passim
740 1285 981 1326 cadentium
1020 1285 1248 1326 fulminum
1291 1287 1450 1340 species

95 1343 320 1397 visebatur,
353 1344 634 1398 attonitisque
667 1345 840 1386 auribus
871 1348 1047 1399 stupens
1074 1360 1227 1400 agmen
1253 1360 1329 1386 nec
1356 1361 1450 1400 pro-

95 1403 213 1457 gredi
247 1417 322 1444 nec
355 1404 585 1445 consistere
612 1404 811 1445 audebat:
845 1418 940 1445 cum
967 1408 1140 1458 repente
1167 1405 1302 1445 imber
1328 1421 1449 1461 gran-
1478 1420 1496 1448 5

97 1462 235 1503 dinem
269 1464 479 1504 incutiens
516 1463 718 1504 torrentis
750 1464 876 1504 modo
911 1464 1154 1505 effunditur.
1217 1464 1280 1505 Ac
1312 1465 1448 1518 primo

96 1522 266 1575 quidem
306 1522 434 1563 armis
475 1522 561 1563 suis
600 1523 699 1564 tecti
741 1527 1011 1577 exceperant,
1057 1524 1129 1564 sed
1160 1524 1246 1564 iam
1278 1538 1356 1565 nec
1387 1539 1449 1565 re-

96 1581 229 1622 tinere
268 1596 383 1622 arma
420 1581 584 1623 lubrica
618 1582 696 1637 [et]
737 1583 923 1637 rigentes
962 1598 1111 1624 manus
1143 1587 1342 1637 poterant
1373 1598 1448 1624 nec

43 1662 57 1676 ε»
96 1641 176 1694 ipsi
211 1641 432 1694 destinare,
471 1642 513 1681 in
547 1656 673 1695 quam
706 1643 921 1697 regionem
958 1643 1226 1684 obverterent
1259 1657 1449 1698 corpora,

191 1750 209 1779 ‘2
231 1745 410 1791 maxima]
431 1746 630 1780 maximam
651 1751 689 1780 V.
766 1752 785 1780 5
807 1747 1032 1791 Hyrcaniam
1055 1752 1087 1781 1:
1110 1748 1316 1782 hircaniam
1337 1751 1375 1782 A.

95 1796 129 1826 et
164 1793 312 1827 Mardos
341 1794 509 1828 Modius:
544 1795 674 1828 eardos
706 1798 745 1829 A.
869 1795 1025 1839 Tapuris
1056 1796 1190 1830 Aldus:
1224 1795 1382 1839 taphiris
1409 1800 1447 1830 A.

96 1844 113 1873 7
142 1840 376 1885 Drangarum
394 1841 680 1877 Freinshemius:
702 1842 934 1876 dramearum
950 1847 988 1875 A.
1051 1843 1243 1887 praefecto
1258 1846 1283 1875 B
1303 1855 1344 1877 m.
1365 1855 1446 1878 sec:

93 1889 257 1932 perfecto
272 1892 311 1921 A.
388 1888 563 1923 Stasanor
576 1891 712 1924 Aldus:
729 1891 1247 1936 tamsa1101·A[tamson01·B].
1319 1894 1338 1924 9
1354 1892 1448 1935 Oxy-

95 1936 199 1969 dates
221 1936 508 1971 Freinshemius³
537 1937 705 1971 oxidates
733 1941 771 1971 A.
871 1935 1094 1984 discederet]
1122 1939 1315 1972 desederet
1340 1942 1376 1972 P.

95 1983 319 2028 Babylonia}
348 1983 538 2017 babilonia
565 1989 596 2017 C.
711 1989 753 2018 10
781 1984 946 2019 Stameni
973 1986 1183 2030 Zumptius:
1212 1985 1392 2019 ditameni
1420 1989 1449 2019 A

95 2030 339 2075 [deditameni
366 2032 419 2076 B].
497 2036 535 2065 11
565 2031 746 2078 hibernis]
774 2033 912 2067 ibernis
939 2037 974 2066 P.
1061 2037 1102 2066 12
1131 2032 1275 2067 Gazaca
1300 2034 1447 2077 Scripsi:

96 2078 237 2122 gazaba
263 2082 301 2112 A.
379 2084 420 2112 15
449 2079 527 2112 sine
553 2079 680 2125 minis]
708 2081 787 2114 sine
808 2085 839 2114 C.
918 2085 959 2114 16
987 2080 1154 2126 fulgura]
1174 2081 1320 2125 fulgora
1340 2085 1375 2116 P.

96 2125 176 2158 lucc
197 2137 262 2159 om.
283 2129 317 2159 P.
396 2130 436 2159 17
459 2126 585 2160 oculos
604 2128 714 2161 modo
729 2127 903 2173 meantis]
925 2128 1040 2161 oculis
1062 2129 1170 2162 modo
1185 2127 1396 2162 meantibus
1411 2132 1446 2162 P.

98 2177 138 2205 19
166 2173 395 2218 cadentium]
417 2174 634 2207 adeuntium
656 2179 686 2208 c.
762 2174 960 2208 fulminum
980 2178 1005 2208 B
1026 2187 1070 2210 m.
1091 2187 1173 2210 sec:
1196 2175 1387 2209 fluminum
1408 2179 1446 2210 A.

97 2223 140 2252 20
167 2217 425 2266 attonitisque]
454 2222 667 2265 attonisque
687 2226 726 2255 V.
832 2226 873 2255 21
903 2223 1102 2257 consistere
1124 2223 1334 2257 Aczssdalius:
1363 2234 1447 2257 con-

96 2267 215 2300 sidere
242 2270 281 2301 A.
387 2280 469 2302 cum
495 2271 640 2313 scripsi:
667 2273 747 2303 tum
774 2275 806 2312 C,
834 2282 899 2304 om.
921 2274 957 2303 P.
1057 2275 1100 2305 23
1127 2271 1302 2316 retinere]
1329 2271 1447 2305 retine

95 2318 120 2346 P
143 2326 184 2348 m.
204 2326 259 2357 pr.
359 2326 460 2349 arma
485 2315 629 2350 lubrica
655 2317 819 2361 rigentes
846 2329 975 2350 manus
1004 2319 1173 2352 Iliodfns:
1204 2329 1307 2351 arma
1332 2317 1445 2351 lubri⁷

97 2372 160 2395 cae
187 2367 223 2395 et
249 2362 410 2406 rigentes
437 2375 566 2397 manus
593 2367 631 2397 A.
732 2369 774 2399 25
802 2364 890 2411 ipsi]
917 2365 997 2409 ipso
1024 2368 1049 2398 B
1072 2377 1114 2399 m.
1131 2377 1190 2410 pr.
