1610 2522
71 460 111 489 1⁴)

69 639 105 666 11

70 934 111 963 12

72 1053 112 1082 13

74 1350 115 1380 14

76 1588 117 1617 15

138 101 222 141 216
642 98 680 140 Q.
710 97 852 133 CURTI
880 97 992 132 RUFI

137 211 242 251 scire
277 223 396 250 servo
432 208 579 249 utilius
613 222 701 248 esse
734 222 881 262 parere
909 206 1021 248 dicto
1049 221 1175 260 quam
1208 206 1370 248 adferre
1397 220 1493 248 con·

137 269 294 323 silium,
327 283 423 310 cum
458 266 567 320 illos,
600 267 673 321 qui
707 270 896 321 pareant,
930 266 1039 307 idem
1068 266 1180 320 quod
1215 268 1377 307 ceteros
1410 280 1493 307 ma-

137 332 255 381 neat,
289 329 362 382 qui
394 342 493 369 vero
527 327 744 379 suadeant,
775 327 996 380 proprium
1030 325 1208 366 subeant
1239 325 1493 380 periculum:

143 389 291 430 Bessus
328 401 415 428 eccm
457 387 588 427 (licere
631 386 749 427 iussit
789 386 1056 439 intrepidewn,
1106 383 1306 438 poculum
1353 385 1493 436 etiam,

140 447 252 502 quod
279 446 468 488 habebat
495 446 538 486 in
565 460 704 498 manu,
737 444 921 486 tradidit.
966 443 1058 493 Quo
1086 446 1259 497 accepto
1289 442 1492 485 Gobares:
1533 460 1547 484 3

141 506 350 560 ‘Natura’,
383 506 536 559 inquit,
569 504 831 546 ‘mortalium
850 503 933 546 hoc
960 518 1129 557 quoque
1159 503 1332 545 nomine
1363 517 1494 558 prava

139 569 182 608 et
213 565 385 607 sinistra
417 564 501 605 dici
539 566 697 618 potest,
742 563 855 617 quod
900 564 941 604 in
983 577 1058 604 suo
1102 562 1281 616 quisque
1320 561 1493 618 negotio

138 625 334 667 hebetior
379 627 441 665 est
487 638 612 677 quam
653 622 692 663 in
735 623 885 664 alieno.
948 622 1136 663 Turbida
1177 625 1276 663 sunt
1319 621 1496 664 consilia

139 699 298 738 eorum,
325 684 399 737 qui
431 683 514 724 sibi
547 682 734 724 suadent.
780 680 932 723 Obstat
959 684 1110 736 metus,
1143 681 1245 722 alias
1273 681 1496 735 cupiditas,

138 758 459 797 nonnumquam
486 741 693 783 naturalis
714 756 872 796 eorum,
893 756 1000 796 quae
1014 740 1334 796 excogitaveris,
1361 754 1495 781 amor:
1519 758 1552 781 10

139 819 237 845 nam
283 804 327 844 in
364 806 406 843 te
449 801 648 856 superbia
685 816 771 842 non
811 801 932 842 cadit.
994 800 1210 854 Expertus
1252 814 1295 841 es
1336 799 1496 853 utique,

141 862 255 918 quod
286 863 377 917 ipse
409 862 667 915 reppereris,
706 864 780 901 aut
813 861 950 902 solum
984 863 1056 901 aut
1091 859 1302 926 optimum
1336 859 1497 900 ducere.

140 922 345 978 Magnum
378 936 484 962 onus
512 922 697 962 sustines
718 920 867 974 capite,
899 920 1064 975 regium
1090 920 1279 974 insigne.
1312 919 1392 960 hoc
1425 920 1499 959 aut

140 981 358 1023 moderate
390 980 686 1035 perferendum
721 982 796 1032 est,
838 982 922 1031 aut,
945 956 1080 1033 oquod
1112 978 1348 1030 abominor,
1380 977 1423 1018 in
1457 980 1498 1019 te

140 1044 244 1083 ruet.
308 1039 511 1094 Consilio,
544 1054 631 1081 non
662 1013 839 1094 inipetu,
871 1053 978 1092 opus
1012 1038 1100 1079 est.'
1158 1036 1302 1078 Adicit
1337 1036 1498 1091 deinde,
1520 1053 1552 1078 15

143 1100 256 1155 quod
295 1100 407 1154 apud
439 1098 691 1141 Bactrianos
724 1097 853 1153 vulgo
888 1098 1170 1151 usurpabant,
1211 1112 1356 1138 canem
1388 1095 1500 1137 timi-

143 1161 243 1202 dum
281 1159 576 1200 vehementius
615 1159 771 1200 latrare
811 1172 938 1211 quam
976 1157 1170 1198 mordere
1210 1156 1499 1209 altissimaque

142 1219 319 1261 flumina
350 1218 528 1259 minimo
568 1232 672 1260 sono
704 1216 802 1258 labi.
867 1216 982 1266 Quae
1014 1216 1194 1269 inserui,
1239 1219 1303 1269 ut,
1346 1214 1499 1270 qualis-

143 1293 324 1333 cumque
357 1279 469 1319 inter
499 1277 707 1318 barbaros
740 1276 883 1331 potuit
916 1290 1005 1317 esse
1037 1275 1280 1330 prudentia,
1317 1274 1500 1316 tradere-

144 1342 224 1380 tur.
290 1336 371 1394 [in]
415 1336 496 1378 His
537 1336 798 1378 audientium
832 1335 1171 1390 expectationem
1211 1333 1498 1388 suspendeiffat
1521 1351 1555 1376 20

143 1397 252 1439 Tum
285 1396 509 1439 consilium
544 1397 681 1450 aperit
712 1394 862 1436 utilius
895 1395 1028 1436 Besso
1062 1409 1188 1448 quani
1222 1393 1396 1448 gratius.
1438 1391 1501 1433 ‘In

144 1456 387 1511 vestibulo’,
430 1456 591 1510 inquit,
637 1456 792 1510 ‘regiae
830 1457 928 1495 tuae
967 1429 1260 1494 velocissimus
1305 1452 1502 1494 consistit

145 1532 235 1557 rex:
269 1519 367 1557 ante
400 1515 471 1557 ille
505 1529 664 1570 agmen„
691 1528 815 1568 quain
847 1516 893 1554 tu
921 1527 1111 1554 mensam
1138 1512 1264 1553 istam
1298 1511 1502 1553 movebis.

145 1575 274 1618 Nunc
312 1575 363 1616 ab
397 1574 531 1616 Tanai
573 1575 806 1615 exercitum
846 1587 1032 1614 accerses
1076 1575 1117 1613 et
1157 1571 1285 1612 armis
1323 1571 1501 1612 flumina

147 1649 347 1690 oppones.
411 1633 601 1687 Scilicet,
644 1648 726 1687 qua
766 1636 811 1674 tu
850 1633 1067 1688 fugiturus
1106 1646 1167 1683 es,
1206 1631 1343 1672 hostis
1382 1630 1501 1685 sequi
1523 1648 1556 1674 25

144 1709 232 1736 non
264 1696 417 1748 potest.
480 1692 567 1735 Iter
598 1693 770 1746 utrique
802 1706 1026 1733 commune
1065 1694 1139 1743 est,
1173 1689 1324 1731 victori
1357 1689 1503 1732 tutius.

245 1840 261 1869 l
290 1834 434 1880 parere]
460 1845 592 1878 parare
618 1837 657 1867 V.
739 1832 866 1878 quam]
894 1843 977 1866 cum
1002 1835 1042 1865 V.
1127 1835 1146 1864 3
1174 1831 1331 1865 subeant
1355 1831 1501 1874 scripsi:

148 1882 219 1917 sibi
245 1885 284 1916 A.
409 1886 429 1915 4
456 1882 621 1916 Bessus
648 1893 738 1915 eum
771 1881 916 1914 dicere
951 1880 1085 1914 cussit
1116 1878 1388 1923 intrepidum
1417 1877 1502 1912 add

149 1931 334 1965 Halmius.
429 1928 604 1973 poculum
626 1931 769 1963 0771.PV
784 1931 1022 1972 712.J)r.5
1044 1926 1224 1971 habebat]
1245 1925 1381 1959 abebat
1395 1928 1430 1958 P.

149 1977 312 2012 Gobares
338 1980 380 2010 P:
409 1976 558 2011 cobares
586 1981 617 2009 c.
741 1979 760 2009 6
787 1974 925 2020 inquit]
952 1974 1083 2017 inquid
1109 1977 1148 2007 V.
1272 1976 1292 2006 8
1317 1972 1503 2025 hebetior]

149 2025 321 2060 habetior
346 2028 381 2057 P.
483 2028 502 2058 9
531 2024 622 2057 alias
651 2024 855 2057 Bentleius:
884 2021 968 2056 aliis
991 2025 1031 2055 A.
1132 2026 1171 2054 11
1200 2020 1361 2073 uti-que
1359 2020 1502 2064 em'psi:

148 2076 344 2116 utramque
371 2075 410 2106 A,
536 2075 577 2104 13
605 2070 780 2116 sustines]
813 2070 998 2104 sustinens
1024 2072 1063 2102 V.
1187 2067 1330 2112 regium
1356 2071 1389 2100 1:
1423 2078 1504 2112 reg-

152 2132 239 2154 num
266 2123 302 2161 P
329 2131 458 2164 regum
486 2122 662 2152 c.14
690 2120 756 2154 est.
784 2118 864 2163 aut]
891 2119 946 2151 est
972 2116 1073 2150 haud
1099 2119 1133 2149 P
1236 2119 1275 2148 17
1305 2114 1504 2149 altissima-

151 2179 222 2210 qm
242 2167 388 2211 scripsi:
418 2166 601 2200 altissima
621 2175 789 2209 quaeque
811 2167 849 2199 A.
927 2169 968 2198 1⁴³
989 2163 1202 2208 prudentia]
1226 2162 1448 2215 prudentiae
1467 2165 1504 2196 P.

151 2218 195 2248 20
223 2215 294 2260 [in]
326 2213 394 2248 His
421 2214 635 2249 Palmmius.
784 2212 1028 2256 suspenderat
1055 2211 1276 2245 Palmerius:
1312 2209 1367 2243 sui
1400 2220 1504 2253 spem

152 2262 306 2296 dederat
332 2264 371 2296 A.
481 2265 523 2294 22
551 2260 690 2306 inquit]
718 2259 847 2303 inquid
874 2262 914 2292 V
1014 2258 1183 2292 consistit
1203 2261 1236 2292 1:
1264 2257 1445 2292 consistat
1463 2259 1503 2289 A.

152 2314 194 2343 23
218 2321 328 2353 quani
344 2311 432 2343 tuI:
455 2311 598 2353 quantu
612 2311 672 2341 PL
695 2319 811 2352 nrpr.
833 2310 872 2348 V,
894 2308 1249 2350 quantum13172.pr.
1265 2309 1301 2339 P.
1377 2308 1421 2338 24
1441 2303 1505 2349 ab]

152 2369 199 2402 ap
220 2360 291 2390 PV.
378 2361 420 2391 25
448 2368 522 2400 qua
548 2356 605 2402 tu]
632 2356 775 2400 quantu
801 2357 826 2387 B
851 2366 891 2388 771.
909 2365 967 2398 pr.
1065 2357 1108 2387 ‘26
1135 2352 1269 2399 tutius]
1295 2351 1409 2387 totius
1430 2354 1503 2385 FV.
