1610 2522
81 484 100 514 6

81 1260 100 1288 9

62 1677 104 1706 10

127 64 184 105 :30
630 63 669 105 Q.
697 61 837 98 UUlt'l'I
868 62 974 97 RUFI

130 174 287 229 ignem,
323 188 416 214 eum
450 175 493 227 ii,
525 173 597 227 qui
633 173 672 213 in
703 173 891 213 turribus
919 176 1049 222 erant,
1085 173 1235 226 partini
1267 172 1482 213 hauriren-

130 237 198 274 tur
227 234 432 287 incendio,
465 233 617 287 partim
653 233 781 273 arinis
810 232 978 272 omissis
1014 232 1055 272 iu
1090 247 1200 273 mare
1233 235 1365 273 semet
1399 232 1479 286 ipsi

130 293 406 333 immitterent.
473 293 528 333 At
554 291 685 347 'lyr-ii,
718 292 788 345 qui
819 306 965 345 capere
993 305 1064 333 eos
1091 307 1214 346 quain
1245 292 1480 333 interficere

133 352 324 399 mallent,
366 354 604 393 natantium
646 367 697 392 111
701 366 794 392 inus
835 351 1062 417 stipitibus
1093 352 1288 417 saxisque
1327 351 1478 392 lacera-

133 412 245 465 bant,
284 400 417 453 donee
456 411 666 452 debilititi
708 413 865 465 inpune
905 411 1087 466 navigiis
1126 411 1261 464 excipi
1296 413 1480 464 possent.
1519 429 1534 454 5

129 471 218 512 Nee
236 446 440 512 yincendio
469 472 604 512 solum
634 486 759 523 opera
788 473 1054 524 consumpta,
1087 470 1158 510 sed
1191 470 1300 511 forte
1333 469 1478 510 eodem

128 531 194 572 die
228 530 518 572 vehementior
552 534 701 571 ventus
736 534 894 571 motum
939 545 988 570 ex
1022 529 1234 583 profundo
1269 544 1381 570 mare
1423 530 1481 570 in-

129 592 216 632 lisit
259 591 302 631 in
344 590 515 642 molem,
557 590 799 643 crebrisque
844 589 1044 630 fluetibus
1090 603 1300 644 conpages
1343 589 1482 642 operis

129 651 372 691 verberatae
394 649 588 691 laxavere
609 664 660 703 se,
688 664 872 703 saxaque
894 648 1140 690 interfluens
1162 649 1274 689 unda
1295 648 1479 689 medium

129 724 234 765 opus
273 711 402 763 rupit.
474 708 668 750 Prorutis
707 708 839 763 igitur
870 708 1059 763 lapidum
1095 708 1294 761 cumulis,
1327 707 1480 761 quibus
1504 728 1536 752 ιο

130 771 284 811 iniecta
310 773 421 810 terra
449 769 752 822 sustinebatur,
785 783 985 822 praeceps
1019 769 1062 808 in
1089 767 1346 822 profundum
1381 768 1479 820 ruit,

128 832 354 883 tantaeque
381 828 506 870 molis
533 829 603 869 vix
632 829 717 870 ulla
742 829 921 883 vestigia
947 828 1109 869 invenit
1132 827 1289 868 Arabia
1316 827 1480 868 rediens

129 888 379 930 Alexander.
452 887 546 941 Hie,
589 888 702 942 quod
745 889 789 929 in
832 887 1017 929 adversis
1059 887 1183 928 rebus
1226 887 1335 928 solet
1377 887 1481 941 fieri,
1504 891 1551 926 13

129 948 236 990 alius
276 948 319 989 in
358 949 488 989 alium
529 948 697 1002 culpam
737 948 985 999 referebant,
1024 961 1117 987 cum
1158 961 1302 988 omnes
1341 946 1481 988 verius

129 1009 177 1049 de
227 1008 402 1049 saevitia
453 1009 581 1048 maris
635 1007 753 1062 queri
801 1009 985 1061 possent.
1060 1005 1149 1047 Rex
1196 1006 1294 1047 novi
1341 1007 1480 1059 operis
1504 1024 1534 1049 15

130 1068 283 1109 molem
312 1082 432 1108 orsus
460 1068 501 1107 111
530 1067 753 1109 adversum
781 1070 950 1108 ventum
980 1081 1066 1107 non
1093 1065 1235 1120 latere,
1269 1065 1339 1106 sed
1369 1068 1482 1106 recta

128 1128 268 1169 fronte
303 1127 473 1168 direxit:
507 1142 554 1168 ea
588 1130 727 1168 cetera
759 1141 888 1181 opera
920 1127 1037 1166 velut
1070 1125 1147 1166 sub
1182 1125 1273 1179 ipsa
1306 1125 1482 1166 latentia

129 1187 345 1228 tuebatur:
380 1186 649 1228 latitudinem
686 1200 854 1240 quoque
888 1185 1032 1241 aggeri
1066 1185 1230 1238 adiecit,
1265 1188 1311 1225 ut
1343 1187 1481 1225 turres

129 1249 171 1288 111
206 1247 344 1287 medio
378 1247 585 1288 excitatae
624 1246 775 1300 procul
813 1246 885 1286 teli
926 1245 1040 1287 iaetu
1080 1244 1286 1286 abessent.
1351 1243 1481 1285 Totas

129 1310 268 1348 autem
309 1306 481 1347 arbores
520 1321 615 1347 eum
657 1305 901 1361 ingentibus
942 1304 1069 1346 ramis
1112 1306 1155 1345 in
1193 1304 1326 1345 altum
1362 1303 1480 1344 iacie-
1503 1323 1536 1347 20

130 1367 244 1420 bant,
277 1365 427 1407 deinde
461 1366 572 1406 saxis
608 1365 841 1406 onerabant
866 1379 1096 1418 rursusque
1130 1363 1300 1405 cumulo
1335 1377 1478 1404 eorum

129 1426 232 1467 alias
291 1425 463 1466 arbores
522 1425 763 1479 iniciebant,
819 1428 910 1466 tum
968 1423 1122 1464 humus
1181 1422 1480 1479 aggerebatur:

130 1500 339 1539 superque
390 1485 473 1526 alia
525 1487 640 1525 strue
691 1499 891 1526 saxorum
937 1483 1219 1536 arborumque
1266 1483 1481 1524 cumulata

133 1545 246 1585 velut
291 1544 473 1599 quodam
519 1559 630 1585 nexu
675 1545 896 1585 continens
943 1557 1049 1597 opus
1094 1543 1329 1583 iunxerant.
1391 1540 1482 1582 Nec

129 1604 261 1658 Tyrii,
313 1603 519 1658 quidquid
571 1603 620 1645 ad
679 1603 975 1658 inpediendam
1035 1603 1186 1643 molem
1247 1600 1481 1655 excogitari
1503 1619 1536 1645 25

134 1667 313 1718 poterat,
346 1664 535 1719 segniter
567 1663 896 1717 exequebantur.
960 1661 1241 1716 Praecipuum
1275 1661 1481 1702 auxilium

131 1726 233 1777 erat,
278 1723 347 1777 qui
395 1724 543 1777 procul
589 1722 776 1763 hostium
821 1725 1048 1776 eonspectu
1089 1720 1289 1762 subibant
1329 1735 1480 1774 aquam

132 1782 384 1836 occultoque
411 1782 533 1836 lapsu
561 1782 612 1823 ad
640 1783 793 1823 molem
820 1796 954 1835 usque
982 1780 1274 1835 penetrabant,
1302 1779 1481 1820 falcibus

131 1842 328 1897 palmites
361 1842 560 1883 arborum
594 1842 871 1883 eminentium
911 1840 962 1881 ad
1001 1855 1043 1881 se
1076 1839 1304 1881 trahentes.
1367 1838 1482 1887 Quae

132 1902 203 1943 ubi
237 1904 404 1943 secutae
443 1905 581 1956 erant,
619 1902 819 1955 pleraque
859 1914 1001 1941 secum
1042 1901 1085 1940 in
1123 1898 1379 1953 profundum
1415 1897 1482 1937 da-

230 2048 243 2076 1
275 2043 299 2076 ii
327 2046 367 2076 P:
395 2042 449 2076 hii
470 2047 502 2076 C.
578 2042 828 2087 haurirentur]
845 2041 1080 2075 haurirentur
1105 2044 1130 2074 P
1158 2053 1198 2074 m.
1219 2052 1274 2084 μγ.
1350 2044 1369 2073 4
1391 2038 1484 2072 mal-

134 2091 225 2136 lent]
253 2090 393 2124 malent
420 2095 462 2131 F,
490 2092 527 2124 in
564 2091 724 2135 nmryine
756 2089 840 2123 add.
869 2089 929 2122 uel
955 2088 1125 2129 mallent,
1162 2100 1226 2121 om.
1250 2090 1274 2120 B
1300 2099 1344 2121 m.
1363 2099 1433 2131 pr..
1459 2090 1484 2119 L

135 2152 175 2172 m.
195 2150 250 2182 pr.
273 2141 297 2170 P
320 2150 361 2171 m.
378 2150 449 2182 1111,
476 2137 536 2172 secl
562 2138 645 2172 add.
670 2139 705 2171 ιή
733 2138 789 2172 his
815 2138 930 2172 tribus
949 2137 1132 2171 codicibus
1157 2148 1178 2169 ιι
1205 2146 1293 2169 corr.
1324 2136 1361 2168 iu.
1390 2145 1482 2168 mar-

132 2187 215 2231 yine
244 2186 293 2220 rel
320 2187 417 2219 intra
448 2197 509 2219 rss.
623 2189 639 2218 7
669 2188 810 2218 motum
840 2185 1059 2218 Palmerius:
1094 2187 1212 2217 totum
1241 2186 1279 2215 A.
1397 2185 1416 2214 9
1442 2193 1484 2215 se

134 2234 216 2267 add.
248 2234 375 2267 Aldus.
501 2238 542 2266 10
564 2232 724 2277 prorutis
745 2236 770 2266 P
793 2245 833 2266 m,
853 2244 925 2276 pta:
963 2231 1150 2275 proruptis
1171 2235 1203 2263 C.
1331 2233 1369 2263 13
1399 2228 1482 2274 Hic]

135 2281 172 2314 Id
198 2285 232 2314 P.
358 2285 398 2313 19
428 2281 526 2314 iactu
548 2284 579 2313 1:
608 2281 683 2313 ivtu
710 2283 738 2312 A
765 2280 882 2324 [hictu
909 2280 964 2324 vj.
1085 2284 1128 2312 23
1156 2278 1270 2322 strue}
1298 2281 1416 2311 stmes
1443 2280 1482 2310 V.

135 2332 176 2362 27
205 2339 339 2372 aquam
372 2330 508 2362 Lauer:
538 2340 631 2371 aqua
662 2331 699 2361 A.
