<?xml version="1.0" encoding="UTF-8"?>
<!DOCTYPE html PUBLIC "-//W3C//DTD XHTML 1.0 Transitional//EN"
    "http://www.w3.org/TR/xhtml1/DTD/xhtml1-transitional.dtd">
<html xmlns="http://www.w3.org/1999/xhtml" xml:lang="en" lang="en">
 <head>
  <title>
</title>
<meta http-equiv="Content-Type" content="text/html;charset=utf-8" />
  <meta name='ocr-system' content='tesseract 3.04.00' />
  <meta name='ocr-capabilities' content='ocr_page ocr_carea ocr_par ocr_line ocrx_word'/>
</head>
<body>
  <div class='ocr_page' id='page_1' title='image "./historiaealexand00curtuoft_0144.png"; bbox 0 0 1610 2522; ppageno 0'>
   <div class='ocr_carea' id='block_1_1' title="bbox 81 290 101 313">
    <p class='ocr_par' dir='ltr' id='par_1_1' title="bbox 81 290 101 313">
     <span class='ocr_line' id='line_1_1' title="bbox 81 290 101 313; baseline 0 0"><span class='ocrx_word' id='word_1_1' title='bbox 81 290 101 313; x_wconf 55' lang='lat'>&gt;⁸¹</span> 
     </span>
    </p>
   </div>
   <div class='ocr_carea' id='block_1_2' title="bbox 81 407 100 434">
    <p class='ocr_par' dir='ltr' id='par_1_2' title="bbox 81 407 100 434">
     <span class='ocr_line' id='line_1_2' title="bbox 81 407 100 434; baseline 0 -5"><span class='ocrx_word' id='word_1_2' title='bbox 81 407 100 434; x_wconf 68' lang='grc'><strong>9</strong></span> 
     </span>
    </p>
   </div>
   <div class='ocr_carea' id='block_1_3' title="bbox 61 703 103 733">
    <p class='ocr_par' dir='ltr' id='par_1_3' title="bbox 61 703 103 733">
     <span class='ocr_line' id='line_1_3' title="bbox 61 703 103 733; baseline 0.024 -1"><span class='ocrx_word' id='word_1_3' title='bbox 61 703 103 733; x_wconf 88' lang='grc'>10</span> 
     </span>
    </p>
   </div>
   <div class='ocr_carea' id='block_1_4' title="bbox 60 941 99 970">
    <p class='ocr_par' dir='ltr' id='par_1_4' title="bbox 60 941 99 970">
     <span class='ocr_line' id='line_1_4' title="bbox 60 941 99 970; baseline 0 0"><span class='ocrx_word' id='word_1_4' title='bbox 60 941 99 970; x_wconf 89' lang='grc'>11</span> 
     </span>
    </p>
   </div>
   <div class='ocr_carea' id='block_1_5' title="bbox 64 1238 105 1267">
    <p class='ocr_par' dir='ltr' id='par_1_5' title="bbox 64 1238 105 1267">
     <span class='ocr_line' id='line_1_5' title="bbox 64 1238 105 1267; baseline 0 0"><span class='ocrx_word' id='word_1_5' title='bbox 64 1238 105 1267; x_wconf 75' lang='lat'>12</span> 
     </span>
    </p>
   </div>
   <div class='ocr_carea' id='block_1_6' title="bbox 63 1476 104 1505">
    <p class='ocr_par' dir='ltr' id='par_1_6' title="bbox 63 1476 104 1505">
     <span class='ocr_line' id='line_1_6' title="bbox 63 1476 104 1505; baseline 0 0"><span class='ocrx_word' id='word_1_6' title='bbox 63 1476 104 1505; x_wconf 88' lang='grc'>13</span> 
     </span>
    </p>
   </div>
   <div class='ocr_carea' id='block_1_7' title="bbox 135 103 987 147">
    <p class='ocr_par' dir='ltr' id='par_1_7' title="bbox 135 103 987 147">
     <span class='ocr_line' id='line_1_7' title="bbox 135 103 987 147; baseline -0.012 0"><span class='ocrx_word' id='word_1_7' title='bbox 135 105 219 147; x_wconf 85' lang='grc'><strong>130</strong></span> <span class='ocrx_word' id='word_1_8' title='bbox 638 104 677 145; x_wconf 77' lang='lat' dir='ltr'>Q.</span> <span class='ocrx_word' id='word_1_9' title='bbox 707 104 849 138; x_wconf 68' lang='lat' dir='ltr'>‹JUlt&#39;rl</span> <span class='ocrx_word' id='word_1_10' title='bbox 878 104 903 137; x_wconf 64' lang='lat' dir='ltr'>l&lt;</span> <span class='ocrx_word' id='word_1_11' title='bbox 913 103 987 137; x_wconf 80' lang='lat' dir='ltr'>UFI</span> 
     </span>
    </p>
   </div>
   <div class='ocr_carea' id='block_1_8' title="bbox 127 211 1544 567">
    <p class='ocr_par' dir='ltr' id='par_1_8' title="bbox 127 211 1544 567">
     <span class='ocr_line' id='line_1_8' title="bbox 127 211 1489 265; baseline -0.002 -9"><span class='ocrx_word' id='word_1_12' title='bbox 127 215 266 256; x_wconf 77' lang='lat' dir='ltr'>hostis</span> <span class='ocrx_word' id='word_1_13' title='bbox 300 213 537 265; x_wconf 79' lang='lat' dir='ltr'>videbatur,</span> <span class='ocrx_word' id='word_1_14' title='bbox 570 213 838 255; x_wconf 86' lang='lat' dir='ltr'>subiecerant</span> <span class='ocrx_word' id='word_1_15' title='bbox 864 212 1051 258; x_wconf 50' lang='lat' dir='ltr'>aedibus</span> <span class='ocrx_word' id='word_1_16' title='bbox 1083 216 1130 253; x_wconf 86' lang='lat' dir='ltr'>ut</span> <span class='ocrx_word' id='word_1_17' title='bbox 1163 227 1257 253; x_wconf 83' lang='lat' dir='ltr'>cum</span> <span class='ocrx_word' id='word_1_18' title='bbox 1281 212 1369 252; x_wconf 86' lang='lat' dir='ltr'>suis</span> <span class='ocrx_word' id='word_1_19' title='bbox 1402 211 1489 253; x_wconf 85' lang='lat' dir='ltr'>vivi</span> 
     </span>
     <span class='ocr_line' id='line_1_9' title="bbox 129 270 1488 326; baseline -0.002 -11"><span class='ocrx_word' id='word_1_20' title='bbox 129 276 431 316; x_wconf 70' lang='lat' dir='ltr'><strong>cremarentur.</strong></span> <span class='ocrx_word' id='word_1_21' title='bbox 500 272 687 313; x_wconf 82' lang='lat' dir='ltr'>Tandem</span> <span class='ocrx_word' id='word_1_22' title='bbox 728 285 827 313; x_wconf 83' lang='lat' dir='ltr'>suos</span> <span class='ocrx_word' id='word_1_23' title='bbox 871 286 942 312; x_wconf 80' lang='lat' dir='ltr'>rex</span> <span class='ocrx_word' id='word_1_24' title='bbox 990 272 1242 326; x_wconf 68' lang='lat' dir='ltr'>corporibus</span> <span class='ocrx_word' id='word_1_25' title='bbox 1288 274 1330 312; x_wconf 88' lang='lat' dir='ltr'>et</span> <span class='ocrx_word' id='word_1_26' title='bbox 1371 270 1488 313; x_wconf 88' lang='lat' dir='ltr'>cultu</span> 
     </span>
     <span class='ocr_line' id='line_1_10' title="bbox 130 330 1488 387; baseline -0.002 -13"><span class='ocrx_word' id='word_1_27' title='bbox 130 334 384 375; x_wconf 80' lang='lat' dir='ltr'>feminarum</span> <span class='ocrx_word' id='word_1_28' title='bbox 419 332 632 373; x_wconf 88' lang='lat' dir='ltr'>abstinere</span> <span class='ocrx_word' id='word_1_29' title='bbox 665 332 799 373; x_wconf 87' lang='lat' dir='ltr'>iussit.</span> <span class='ocrx_word' id='word_1_30' title='bbox 863 330 1021 387; x_wconf 85' lang='lat' dir='ltr'>Ingens</span> <span class='ocrx_word' id='word_1_31' title='bbox 1061 331 1252 385; x_wconf 70' lang='lat' dir='ltr'>captivae</span> <span class='ocrx_word' id='word_1_32' title='bbox 1285 330 1488 385; x_wconf 84' lang='lat' dir='ltr'>pecuniae</span> 
     </span>
     <span class='ocr_line' id='line_1_11' title="bbox 130 389 1492 446; baseline -0.002 -12"><span class='ocrx_word' id='word_1_33' title='bbox 130 393 281 434; x_wconf 89' lang='lat' dir='ltr'>modus</span> <span class='ocrx_word' id='word_1_34' title='bbox 314 392 510 445; x_wconf 74' lang='lat' dir='ltr'>traditur,</span> <span class='ocrx_word' id='word_1_35' title='bbox 542 406 678 446; x_wconf 82' lang='lat' dir='ltr'>prope</span> <span class='ocrx_word' id='word_1_36' title='bbox 710 394 759 432; x_wconf 91' lang='lat' dir='ltr'>ut</span> <span class='ocrx_word' id='word_1_37' title='bbox 790 389 916 431; x_wconf 91' lang='lat' dir='ltr'>fidem</span> <span class='ocrx_word' id='word_1_38' title='bbox 945 391 1129 431; x_wconf 76' lang='lat' dir='ltr'>excedat.</span> <span class='ocrx_word' id='word_1_39' title='bbox 1187 391 1383 431; x_wconf 74' lang='lat' dir='ltr'>Ceterum</span> <span class='ocrx_word' id='word_1_40' title='bbox 1417 392 1492 431; x_wconf 86' lang='lat' dir='ltr'>aut</span> 
     </span>
     <span class='ocr_line' id='line_1_12' title="bbox 129 449 1544 505; baseline -0.001 -12"><span class='ocrx_word' id='word_1_41' title='bbox 129 453 179 494; x_wconf 93' lang='lat' dir='ltr'>de</span> <span class='ocrx_word' id='word_1_42' title='bbox 221 453 316 493; x_wconf 90' lang='lat' dir='ltr'>aliis</span> <span class='ocrx_word' id='word_1_43' title='bbox 357 466 527 505; x_wconf 62' lang='lat' dir='ltr'>quoquc</span> <span class='ocrx_word' id='word_1_44' title='bbox 570 450 862 491; x_wconf 73' lang='lat' dir='ltr'>dubitabimus</span> <span class='ocrx_word' id='word_1_45' title='bbox 911 454 984 491; x_wconf 89' lang='lat' dir='ltr'>aut</span> <span class='ocrx_word' id='word_1_46' title='bbox 1023 450 1242 491; x_wconf 76' lang='lat' dir='ltr'>credemus</span> <span class='ocrx_word' id='word_1_47' title='bbox 1282 451 1324 490; x_wconf 89' lang='lat' dir='ltr'>in</span> <span class='ocrx_word' id='word_1_48' title='bbox 1362 449 1490 491; x_wconf 84' lang='lat' dir='ltr'>huius</span> <span class='ocrx_word' id='word_1_49' title='bbox 1529 465 1544 491; x_wconf 85' lang='lat'><strong>5</strong></span> 
     </span>
     <span class='ocr_line' id='line_1_13' title="bbox 129 508 1491 567; baseline -0.002 -15"><span class='ocrx_word' id='word_1_50' title='bbox 129 511 247 552; x_wconf 85' lang='lat' dir='ltr'>urbis</span> <span class='ocrx_word' id='word_1_51' title='bbox 291 526 391 567; x_wconf 80' lang='lat' dir='ltr'>gaza</span> <span class='ocrx_word' id='word_1_52' title='bbox 432 511 563 551; x_wconf 89' lang='lat' dir='ltr'>fuisse</span> <span class='ocrx_word' id='word_1_53' title='bbox 608 521 632 551; x_wconf 77' lang='lat' dir='ltr'>C</span> <span class='ocrx_word' id='word_1_54' title='bbox 665 513 705 550; x_wconf 85' lang='lat' dir='ltr'>et</span> <span class='ocrx_word' id='word_1_55' title='bbox 739 521 801 550; x_wconf 81' lang='lat' dir='ltr'>xx</span> <span class='ocrx_word' id='word_1_56' title='bbox 834 509 955 550; x_wconf 71' lang='lat' dir='ltr'>milia</span> <span class='ocrx_word' id='word_1_57' title='bbox 993 511 1213 550; x_wconf 75' lang='lat' dir='ltr'>talentum.</span> <span class='ocrx_word' id='word_1_58' title='bbox 1277 508 1344 550; x_wconf 88' lang='lat' dir='ltr'>Ad</span> <span class='ocrx_word' id='word_1_59' title='bbox 1384 523 1491 563; x_wconf 89' lang='lat' dir='ltr'>quae</span> 
     </span>
    </p>
   </div>
   <div class='ocr_carea' id='block_1_9' title="bbox 129 568 1492 742">
    <p class='ocr_par' dir='ltr' id='par_1_9' title="bbox 129 568 1492 742">
     <span class='ocr_line' id='line_1_14' title="bbox 129 568 1491 624; baseline -0.001 -13"><span class='ocrx_word' id='word_1_60' title='bbox 129 570 318 612; x_wconf 74' lang='lat' dir='ltr'>vehenda</span> <span class='ocrx_word' id='word_1_61' title='bbox 353 595 410 599; x_wconf 82' lang='lat'>——</span> <span class='ocrx_word' id='word_1_62' title='bbox 442 583 627 624; x_wconf 87' lang='lat' dir='ltr'>namque</span> <span class='ocrx_word' id='word_1_63' title='bbox 666 569 718 610; x_wconf 87' lang='lat' dir='ltr'>ad</span> <span class='ocrx_word' id='word_1_64' title='bbox 760 583 861 610; x_wconf 87' lang='lat' dir='ltr'>usus</span> <span class='ocrx_word' id='word_1_65' title='bbox 901 569 999 610; x_wconf 85' lang='lat' dir='ltr'>belli</span> <span class='ocrx_word' id='word_1_66' title='bbox 1034 583 1175 610; x_wconf 75' lang='lat' dir='ltr'>secum</span> <span class='ocrx_word' id='word_1_67' title='bbox 1216 572 1386 623; x_wconf 88' lang='lat' dir='ltr'>portare</span> <span class='ocrx_word' id='word_1_68' title='bbox 1425 568 1491 609; x_wconf 89' lang='lat' dir='ltr'>de-</span> 
     </span>
     <span class='ocr_line' id='line_1_15' title="bbox 133 627 1492 682; baseline -0.003 -10"><span class='ocrx_word' id='word_1_69' title='bbox 133 634 319 672; x_wconf 71' lang='lat' dir='ltr'>creverat</span> <span class='ocrx_word' id='word_1_70' title='bbox 353 630 621 671; x_wconf 85' lang='lat' dir='ltr'>—iumenta</span> <span class='ocrx_word' id='word_1_71' title='bbox 648 632 690 669; x_wconf 91' lang='lat' dir='ltr'>et</span> <span class='ocrx_word' id='word_1_72' title='bbox 722 629 906 669; x_wconf 88' lang='lat' dir='ltr'>camelos</span> <span class='ocrx_word' id='word_1_73' title='bbox 940 632 981 669; x_wconf 86' lang='lat' dir='ltr'>et-</span> <span class='ocrx_word' id='word_1_74' title='bbox 1013 642 1037 668; x_wconf 90' lang='lat' dir='ltr'>a</span> <span class='ocrx_word' id='word_1_75' title='bbox 1070 627 1189 669; x_wconf 84' lang='lat' dir='ltr'>Susis</span> <span class='ocrx_word' id='word_1_76' title='bbox 1222 631 1266 669; x_wconf 89' lang='lat' dir='ltr'>et</span> <span class='ocrx_word' id='word_1_77' title='bbox 1297 643 1319 668; x_wconf 87' lang='lat' dir='ltr'>a</span> <span class='ocrx_word' id='word_1_78' title='bbox 1352 627 1492 682; x_wconf 86' lang='lat' dir='ltr'>Baby-</span> 
     </span>
     <span class='ocr_line' id='line_1_16' title="bbox 129 687 1490 742; baseline -0.002 -11"><span class='ocrx_word' id='word_1_79' title='bbox 129 692 227 732; x_wconf 87' lang='lat' dir='ltr'>lone</span> <span class='ocrx_word' id='word_1_80' title='bbox 261 689 454 731; x_wconf 80' lang='lat' dir='ltr'>contrahi</span> <span class='ocrx_word' id='word_1_81' title='bbox 490 689 625 729; x_wconf 87' lang='lat' dir='ltr'>iussit.</span> <span class='ocrx_word' id='word_1_82' title='bbox 665 688 892 729; x_wconf 80' lang='lat' dir='ltr'>Accessere</span> <span class='ocrx_word' id='word_1_83' title='bbox 925 688 977 728; x_wconf 87' lang='lat' dir='ltr'>ad</span> <span class='ocrx_word' id='word_1_84' title='bbox 1010 687 1119 729; x_wconf 88' lang='lat' dir='ltr'>hanc</span> <span class='ocrx_word' id='word_1_85' title='bbox 1145 688 1348 742; x_wconf 88' lang='lat' dir='ltr'>pecuniae</span> <span class='ocrx_word' id='word_1_86' title='bbox 1381 701 1490 728; x_wconf 88' lang='lat' dir='ltr'>sum-</span> 
     </span>
    </p>
   </div>
   <div class='ocr_carea' id='block_1_10' title="bbox 130 745 1560 1754">
    <p class='ocr_par' dir='ltr' id='par_1_10' title="bbox 130 745 1546 910">
     <span class='ocr_line' id='line_1_17' title="bbox 130 745 1546 804; baseline -0.001 -14"><span class='ocrx_word' id='word_1_87' title='bbox 130 764 243 790; x_wconf 83' lang='lat' dir='ltr'>mam</span> <span class='ocrx_word' id='word_1_88' title='bbox 294 749 429 804; x_wconf 86' lang='lat' dir='ltr'>captis</span> <span class='ocrx_word' id='word_1_89' title='bbox 477 747 728 804; x_wconf 81' lang='lat' dir='ltr'>Parsagadis</span> <span class='ocrx_word' id='word_1_90' title='bbox 773 762 846 789; x_wconf 84' lang='lat' dir='ltr'>sex</span> <span class='ocrx_word' id='word_1_91' title='bbox 897 747 1015 788; x_wconf 88' lang='lat' dir='ltr'>milia</span> <span class='ocrx_word' id='word_1_92' title='bbox 1060 748 1279 788; x_wconf 86' lang='lat' dir='ltr'>talentum.</span> <span class='ocrx_word' id='word_1_93' title='bbox 1356 745 1491 802; x_wconf 81' lang='lat' dir='ltr'>Cyrus</span> <span class='ocrx_word' id='word_1_94' title='bbox 1512 763 1546 788; x_wconf 89' lang='lat'>10</span> 
     </span>
     <span class='ocr_line' id='line_1_18' title="bbox 131 806 1492 864; baseline -0.002 -14"><span class='ocrx_word' id='word_1_95' title='bbox 131 808 371 864; x_wconf 79' lang='lat' dir='ltr'>Parsagada</span> <span class='ocrx_word' id='word_1_96' title='bbox 412 808 559 848; x_wconf 88' lang='lat' dir='ltr'>urbem</span> <span class='ocrx_word' id='word_1_97' title='bbox 605 807 869 861; x_wconf 82' lang='lat' dir='ltr'>condiderat,</span> <span class='ocrx_word' id='word_1_98' title='bbox 915 821 1039 860; x_wconf 88' lang='lat' dir='ltr'>quam</span> <span class='ocrx_word' id='word_1_99' title='bbox 1087 806 1330 848; x_wconf 83' lang='lat' dir='ltr'>Alexandro</span> <span class='ocrx_word' id='word_1_100' title='bbox 1375 820 1492 860; x_wconf 88' lang='lat' dir='ltr'>prae-</span> 
     </span>
     <span class='ocr_line' id='line_1_19' title="bbox 130 866 834 910; baseline -0.004 0"><span class='ocrx_word' id='word_1_101' title='bbox 130 870 267 910; x_wconf 82' lang='lat' dir='ltr'>fectus</span> <span class='ocrx_word' id='word_1_102' title='bbox 301 869 391 909; x_wconf 90' lang='lat' dir='ltr'>eius</span> <span class='ocrx_word' id='word_1_103' title='bbox 425 866 614 908; x_wconf 83' lang='lat' dir='ltr'>Gobares</span> <span class='ocrx_word' id='word_1_104' title='bbox 647 866 834 908; x_wconf 89' lang='lat' dir='ltr'>tradidit.</span> 
     </span>
    </p>

    <p class='ocr_par' dir='ltr' id='par_1_11' title="bbox 130 925 1560 1754">
     <span class='ocr_line' id='line_1_20' title="bbox 219 925 1560 980; baseline -0.003 -12"><span class='ocrx_word' id='word_1_105' title='bbox 219 927 311 969; x_wconf 82' lang='lat' dir='ltr'>Rex</span> <span class='ocrx_word' id='word_1_106' title='bbox 352 941 492 968; x_wconf 82' lang='lat' dir='ltr'>arcem</span> <span class='ocrx_word' id='word_1_107' title='bbox 528 926 768 980; x_wconf 83' lang='lat' dir='ltr'>Persepolis</span> <span class='ocrx_word' id='word_1_108' title='bbox 813 926 950 967; x_wconf 89' lang='lat' dir='ltr'>tribus</span> <span class='ocrx_word' id='word_1_109' title='bbox 989 925 1163 967; x_wconf 85' lang='lat' dir='ltr'>milibus</span> <span class='ocrx_word' id='word_1_110' title='bbox 1209 925 1491 967; x_wconf 87' lang='lat' dir='ltr'>Macedonum</span> <span class='ocrx_word' id='word_1_111' title='bbox 1512 927 1560 963; x_wconf 79' lang='lat'>21</span> 
     </span>
     <span class='ocr_line' id='line_1_21' title="bbox 131 984 1492 1042; baseline -0.002 -14"><span class='ocrx_word' id='word_1_112' title='bbox 131 987 343 1042; x_wconf 86' lang='lat' dir='ltr'>praesidio</span> <span class='ocrx_word' id='word_1_113' title='bbox 395 985 553 1027; x_wconf 87' lang='lat' dir='ltr'>relictis</span> <span class='ocrx_word' id='word_1_114' title='bbox 604 985 889 1027; x_wconf 85' lang='lat' dir='ltr'>Nicarchiden</span> <span class='ocrx_word' id='word_1_115' title='bbox 941 986 1048 1026; x_wconf 89' lang='lat' dir='ltr'>tueri</span> <span class='ocrx_word' id='word_1_116' title='bbox 1102 985 1232 1026; x_wconf 89' lang='lat' dir='ltr'>iubet.</span> <span class='ocrx_word' id='word_1_117' title='bbox 1312 984 1492 1026; x_wconf 88' lang='lat' dir='ltr'>Tiridati</span> 
     </span>
     <span class='ocr_line' id='line_1_22' title="bbox 131 1045 1546 1102; baseline -0.001 -14"><span class='ocrx_word' id='word_1_118' title='bbox 131 1061 313 1102; x_wconf 85' lang='lat' dir='ltr'>quoque,</span> <span class='ocrx_word' id='word_1_119' title='bbox 347 1046 419 1101; x_wconf 88' lang='lat' dir='ltr'>qui</span> <span class='ocrx_word' id='word_1_120' title='bbox 442 1061 586 1101; x_wconf 75' lang='lat' dir='ltr'>gazam</span> <span class='ocrx_word' id='word_1_121' title='bbox 609 1045 854 1098; x_wconf 87' lang='lat' dir='ltr'>tradiderat,</span> <span class='ocrx_word' id='word_1_122' title='bbox 888 1048 1080 1086; x_wconf 88' lang='lat' dir='ltr'>servatus</span> <span class='ocrx_word' id='word_1_123' title='bbox 1101 1048 1164 1085; x_wconf 88' lang='lat' dir='ltr'>est</span> <span class='ocrx_word' id='word_1_124' title='bbox 1185 1045 1334 1098; x_wconf 85' lang='lat' dir='ltr'>honos,</span> <span class='ocrx_word' id='word_1_125' title='bbox 1367 1058 1492 1099; x_wconf 91' lang='lat' dir='ltr'>quem</span> <span class='ocrx_word' id='word_1_126' title='bbox 1513 1060 1546 1086; x_wconf 85' lang='lat'>15</span> 
     </span>
     <span class='ocr_line' id='line_1_23' title="bbox 131 1104 1493 1162; baseline -0.003 -15"><span class='ocrx_word' id='word_1_127' title='bbox 131 1107 244 1162; x_wconf 88' lang='lat' dir='ltr'>apud</span> <span class='ocrx_word' id='word_1_128' title='bbox 265 1106 449 1147; x_wconf 90' lang='lat' dir='ltr'>Dareum</span> <span class='ocrx_word' id='word_1_129' title='bbox 486 1105 703 1146; x_wconf 87' lang='lat' dir='ltr'>habuerat.</span> <span class='ocrx_word' id='word_1_130' title='bbox 755 1104 996 1159; x_wconf 83' lang='lat' dir='ltr'>Magnaque</span> <span class='ocrx_word' id='word_1_131' title='bbox 1030 1104 1265 1146; x_wconf 83' lang='lat' dir='ltr'>excercitus</span> <span class='ocrx_word' id='word_1_132' title='bbox 1298 1107 1418 1158; x_wconf 86' lang='lat' dir='ltr'>parte</span> <span class='ocrx_word' id='word_1_133' title='bbox 1450 1105 1493 1144; x_wconf 92' lang='lat' dir='ltr'>et</span> 
     </span>
     <span class='ocr_line' id='line_1_24' title="bbox 130 1163 1494 1221; baseline -0.002 -14"><span class='ocrx_word' id='word_1_134' title='bbox 130 1165 434 1221; x_wconf 86' lang='lat' dir='ltr'>inpedimentis</span> <span class='ocrx_word' id='word_1_135' title='bbox 466 1164 528 1207; x_wconf 89' lang='lat' dir='ltr'>ibi</span> <span class='ocrx_word' id='word_1_136' title='bbox 549 1164 709 1206; x_wconf 89' lang='lat' dir='ltr'>relictis</span> <span class='ocrx_word' id='word_1_137' title='bbox 730 1163 1013 1205; x_wconf 89' lang='lat' dir='ltr'>Parmeniona</span> <span class='ocrx_word' id='word_1_138' title='bbox 1041 1163 1348 1218; x_wconf 87' lang='lat' dir='ltr'>Craterumque</span> <span class='ocrx_word' id='word_1_139' title='bbox 1374 1177 1494 1218; x_wconf 83' lang='lat' dir='ltr'>prae-</span> 
     </span>
     <span class='ocr_line' id='line_1_25' title="bbox 133 1223 1494 1280; baseline -0.002 -14"><span class='ocrx_word' id='word_1_140' title='bbox 133 1226 245 1267; x_wconf 83' lang='lat' dir='ltr'>fecit.</span> <span class='ocrx_word' id='word_1_141' title='bbox 310 1224 405 1280; x_wconf 89' lang='lat' dir='ltr'>Ipse</span> <span class='ocrx_word' id='word_1_142' title='bbox 444 1238 539 1266; x_wconf 90' lang='lat' dir='ltr'>cum</span> <span class='ocrx_word' id='word_1_143' title='bbox 573 1224 689 1265; x_wconf 87' lang='lat' dir='ltr'>mille</span> <span class='ocrx_word' id='word_1_144' title='bbox 727 1223 943 1277; x_wconf 86' lang='lat' dir='ltr'>equitibus</span> <span class='ocrx_word' id='word_1_145' title='bbox 986 1223 1264 1278; x_wconf 87' lang='lat' dir='ltr'>peditumque</span> <span class='ocrx_word' id='word_1_146' title='bbox 1295 1223 1494 1278; x_wconf 82' lang='lat' dir='ltr'>expedita</span> 
     </span>
     <span class='ocr_line' id='line_1_26' title="bbox 131 1281 1493 1339; baseline -0.002 -13"><span class='ocrx_word' id='word_1_147' title='bbox 131 1300 259 1326; x_wconf 90' lang='lat' dir='ltr'>manu</span> <span class='ocrx_word' id='word_1_148' title='bbox 299 1285 544 1326; x_wconf 86' lang='lat' dir='ltr'>interiorem</span> <span class='ocrx_word' id='word_1_149' title='bbox 577 1283 765 1325; x_wconf 87' lang='lat' dir='ltr'>Persidis</span> <span class='ocrx_word' id='word_1_150' title='bbox 799 1283 1017 1339; x_wconf 84' lang='lat' dir='ltr'>regionem</span> <span class='ocrx_word' id='word_1_151' title='bbox 1051 1283 1129 1324; x_wconf 90' lang='lat' dir='ltr'>sub</span> <span class='ocrx_word' id='word_1_152' title='bbox 1170 1283 1310 1338; x_wconf 89' lang='lat' dir='ltr'>ipsum</span> <span class='ocrx_word' id='word_1_153' title='bbox 1343 1281 1493 1338; x_wconf 87' lang='lat' dir='ltr'>Vergi-</span> 
     </span>
     <span class='ocr_line' id='line_1_27' title="bbox 130 1341 1546 1398; baseline -0.003 -12"><span class='ocrx_word' id='word_1_154' title='bbox 130 1346 284 1387; x_wconf 87' lang='lat' dir='ltr'>liarum</span> <span class='ocrx_word' id='word_1_155' title='bbox 325 1344 440 1385; x_wconf 88' lang='lat' dir='ltr'>sidus</span> <span class='ocrx_word' id='word_1_156' title='bbox 479 1344 607 1398; x_wconf 90' lang='lat' dir='ltr'>petiit</span> <span class='ocrx_word' id='word_1_157' title='bbox 651 1342 883 1396; x_wconf 88' lang='lat' dir='ltr'>multisque</span> <span class='ocrx_word' id='word_1_158' title='bbox 928 1342 1138 1383; x_wconf 82' lang='lat' dir='ltr'>imbribus</span> <span class='ocrx_word' id='word_1_159' title='bbox 1177 1345 1219 1383; x_wconf 88' lang='lat' dir='ltr'>et</span> <span class='ocrx_word' id='word_1_160' title='bbox 1259 1355 1392 1397; x_wconf 86' lang='lat' dir='ltr'>prope</span> <span class='ocrx_word' id='word_1_161' title='bbox 1431 1341 1492 1382; x_wconf 92' lang='lat' dir='ltr'>in-</span> <span class='ocrx_word' id='word_1_162' title='bbox 1512 1358 1546 1383; x_wconf 61' lang='grc' dir='ltr'>ρο</span> 
     </span>
     <span class='ocr_line' id='line_1_28' title="bbox 131 1402 1492 1458; baseline -0.002 -13"><span class='ocrx_word' id='word_1_163' title='bbox 131 1404 347 1446; x_wconf 85' lang='lat' dir='ltr'>tolerabili</span> <span class='ocrx_word' id='word_1_164' title='bbox 395 1406 649 1458; x_wconf 86' lang='lat' dir='ltr'>tempestate</span> <span class='ocrx_word' id='word_1_165' title='bbox 700 1406 876 1444; x_wconf 77' lang='lat' dir='ltr'>vexatus</span> <span class='ocrx_word' id='word_1_166' title='bbox 928 1402 1156 1456; x_wconf 87' lang='lat' dir='ltr'>procedere</span> <span class='ocrx_word' id='word_1_167' title='bbox 1200 1405 1360 1455; x_wconf 86' lang='lat' dir='ltr'>tamen,</span> <span class='ocrx_word' id='word_1_168' title='bbox 1407 1415 1492 1455; x_wconf 90' lang='lat' dir='ltr'>quo</span> 
     </span>
     <span class='ocr_line' id='line_1_29' title="bbox 132 1461 1494 1518; baseline -0.003 -13"><span class='ocrx_word' id='word_1_169' title='bbox 132 1463 383 1516; x_wconf 84' lang='lat' dir='ltr'>intenderat,</span> <span class='ocrx_word' id='word_1_170' title='bbox 414 1463 712 1518; x_wconf 74' lang='lat' dir='ltr'>perseveravit.</span> <span class='ocrx_word' id='word_1_171' title='bbox 763 1461 951 1503; x_wconf 88' lang='lat' dir='ltr'>Ventum</span> <span class='ocrx_word' id='word_1_172' title='bbox 985 1464 1076 1502; x_wconf 84' lang='lat' dir='ltr'>erat</span> <span class='ocrx_word' id='word_1_173' title='bbox 1102 1461 1154 1502; x_wconf 88' lang='lat' dir='ltr'>ad</span> <span class='ocrx_word' id='word_1_174' title='bbox 1175 1461 1255 1502; x_wconf 90' lang='lat' dir='ltr'>iter</span> <span class='ocrx_word' id='word_1_175' title='bbox 1275 1461 1494 1516; x_wconf 83' lang='lat' dir='ltr'>perpetuis</span> 
     </span>
     <span class='ocr_line' id='line_1_30' title="bbox 132 1521 1494 1577; baseline -0.003 -13"><span class='ocrx_word' id='word_1_176' title='bbox 132 1524 317 1565; x_wconf 87' lang='lat' dir='ltr'>obsitum</span> <span class='ocrx_word' id='word_1_177' title='bbox 364 1522 554 1575; x_wconf 82' lang='lat' dir='ltr'>nivibus,</span> <span class='ocrx_word' id='word_1_178' title='bbox 604 1536 708 1576; x_wconf 88' lang='lat' dir='ltr'>quas</span> <span class='ocrx_word' id='word_1_179' title='bbox 746 1521 920 1577; x_wconf 82' lang='lat' dir='ltr'>frigoris</span> <span class='ocrx_word' id='word_1_180' title='bbox 960 1521 1023 1561; x_wconf 85' lang='lat' dir='ltr'>vis</span> <span class='ocrx_word' id='word_1_181' title='bbox 1062 1522 1159 1576; x_wconf 87' lang='lat' dir='ltr'>gelu</span> <span class='ocrx_word' id='word_1_182' title='bbox 1199 1521 1494 1573; x_wconf 81' lang='lat' dir='ltr'>adstrinxerat,</span> 
     </span>
     <span class='ocr_line' id='line_1_31' title="bbox 130 1580 1493 1637; baseline -0.003 -13"><span class='ocrx_word' id='word_1_183' title='bbox 130 1585 408 1637; x_wconf 88' lang='lat' dir='ltr'>locorumque</span> <span class='ocrx_word' id='word_1_184' title='bbox 458 1583 632 1635; x_wconf 86' lang='lat' dir='ltr'>squalor</span> <span class='ocrx_word' id='word_1_185' title='bbox 680 1584 722 1622; x_wconf 86' lang='lat' dir='ltr'>et</span> <span class='ocrx_word' id='word_1_186' title='bbox 772 1581 1025 1622; x_wconf 89' lang='lat' dir='ltr'>solitudines</span> <span class='ocrx_word' id='word_1_187' title='bbox 1075 1581 1214 1622; x_wconf 88' lang='lat' dir='ltr'>inviae</span> <span class='ocrx_word' id='word_1_188' title='bbox 1263 1580 1493 1636; x_wconf 85' lang='lat' dir='ltr'>fatigatum</span> 
     </span>
     <span class='ocr_line' id='line_1_32' title="bbox 133 1638 1545 1684; baseline 0 -1"><span class='ocrx_word' id='word_1_189' title='bbox 133 1643 313 1683; x_wconf 90' lang='lat' dir='ltr'>militem</span> <span class='ocrx_word' id='word_1_190' title='bbox 354 1641 570 1683; x_wconf 87' lang='lat' dir='ltr'>terrebant</span> <span class='ocrx_word' id='word_1_191' title='bbox 614 1640 897 1682; x_wconf 89' lang='lat' dir='ltr'>humanarum</span> <span class='ocrx_word' id='word_1_192' title='bbox 935 1655 1074 1682; x_wconf 87' lang='lat' dir='ltr'>rerum</span> <span class='ocrx_word' id='word_1_193' title='bbox 1120 1639 1325 1681; x_wconf 88' lang='lat' dir='ltr'>terminos</span> <span class='ocrx_word' id='word_1_194' title='bbox 1358 1653 1402 1680; x_wconf 89' lang='lat' dir='ltr'>se</span> <span class='ocrx_word' id='word_1_195' title='bbox 1433 1638 1492 1680; x_wconf 83' lang='lat' dir='ltr'>vi-</span> <span class='ocrx_word' id='word_1_196' title='bbox 1513 1658 1545 1684; x_wconf 77' lang='lat'>25</span> 
     </span>
     <span class='ocr_line' id='line_1_33' title="bbox 133 1698 1493 1754; baseline -0.003 -11"><span class='ocrx_word' id='word_1_197' title='bbox 133 1702 230 1743; x_wconf 86' lang='lat' dir='ltr'>dere</span> <span class='ocrx_word' id='word_1_198' title='bbox 281 1701 532 1742; x_wconf 81' lang='lat' dir='ltr'>credentem.</span> <span class='ocrx_word' id='word_1_199' title='bbox 609 1700 763 1742; x_wconf 88' lang='lat' dir='ltr'>Omnia</span> <span class='ocrx_word' id='word_1_200' title='bbox 806 1703 927 1742; x_wconf 86' lang='lat' dir='ltr'>vasta</span> <span class='ocrx_word' id='word_1_201' title='bbox 970 1703 1097 1754; x_wconf 79' lang='lat' dir='ltr'>atque</span> <span class='ocrx_word' id='word_1_202' title='bbox 1148 1699 1240 1740; x_wconf 90' lang='lat' dir='ltr'>sine</span> <span class='ocrx_word' id='word_1_203' title='bbox 1284 1700 1372 1740; x_wconf 80' lang='lat' dir='ltr'>ullo</span> <span class='ocrx_word' id='word_1_204' title='bbox 1417 1698 1493 1740; x_wconf 90' lang='lat' dir='ltr'>hu-</span> 
     </span>
    </p>
   </div>
   <div class='ocr_carea' id='block_1_11' title="bbox 133 1886 1492 2409">
    <p class='ocr_par' dir='ltr' id='par_1_12' title="bbox 133 1886 1492 2409">
     <span class='ocr_line' id='line_1_34' title="bbox 231 1886 1490 1935; baseline -0.004 -11"><span class='ocrx_word' id='word_1_205' title='bbox 231 1894 247 1924; x_wconf 88' lang='lat'>1</span> <span class='ocrx_word' id='word_1_206' title='bbox 277 1889 529 1935; x_wconf 72' lang='lat' dir='ltr'>subiecerant]</span> <span class='ocrx_word' id='word_1_207' title='bbox 557 1889 768 1924; x_wconf 88' lang='lat' dir='ltr'>subiecerat</span> <span class='ocrx_word' id='word_1_208' title='bbox 793 1892 832 1923; x_wconf 84' lang='lat' dir='ltr'>V.</span> <span class='ocrx_word' id='word_1_209' title='bbox 957 1892 976 1921; x_wconf 73' lang='grc'>2</span> <span class='ocrx_word' id='word_1_210' title='bbox 1004 1898 1087 1922; x_wconf 87' lang='lat' dir='ltr'>suos</span> <span class='ocrx_word' id='word_1_211' title='bbox 1114 1888 1326 1923; x_wconf 74' lang='lat' dir='ltr'>Acidalius:</span> <span class='ocrx_word' id='word_1_212' title='bbox 1355 1886 1430 1921; x_wconf 89' lang='lat' dir='ltr'>suis</span> <span class='ocrx_word' id='word_1_213' title='bbox 1451 1889 1490 1919; x_wconf 90' lang='lat' dir='ltr'>A.</span> 
     </span>
     <span class='ocr_line' id='line_1_35' title="bbox 134 1934 1490 1983; baseline -0.003 -11"><span class='ocrx_word' id='word_1_214' title='bbox 134 1942 154 1972; x_wconf 87' lang='lat'>4</span> <span class='ocrx_word' id='word_1_215' title='bbox 182 1940 247 1971; x_wconf 86' lang='lat' dir='ltr'>aut</span> <span class='ocrx_word' id='word_1_216' title='bbox 273 1936 335 1983; x_wconf 91' lang='lat' dir='ltr'>de]</span> <span class='ocrx_word' id='word_1_217' title='bbox 363 1936 457 1971; x_wconf 87' lang='lat' dir='ltr'>aude</span> <span class='ocrx_word' id='word_1_218' title='bbox 485 1940 520 1971; x_wconf 89' lang='lat' dir='ltr'>P.</span> <span class='ocrx_word' id='word_1_219' title='bbox 644 1942 664 1970; x_wconf 83' lang='lat'>5</span> <span class='ocrx_word' id='word_1_220' title='bbox 692 1935 947 1970; x_wconf 83' lang='lat' dir='ltr'>dubitabimus</span> <span class='ocrx_word' id='word_1_221' title='bbox 975 1938 1040 1969; x_wconf 86' lang='lat' dir='ltr'>aut</span> <span class='ocrx_word' id='word_1_222' title='bbox 1066 1935 1257 1970; x_wconf 85' lang='lat' dir='ltr'>credemus</span> <span class='ocrx_word' id='word_1_223' title='bbox 1278 1934 1490 1970; x_wconf 59' lang='lat' dir='ltr'>Acidalia-9:</span> 
     </span>
     <span class='ocr_line' id='line_1_36' title="bbox 134 1982 1491 2019; baseline -0.002 0"><span class='ocrx_word' id='word_1_224' title='bbox 134 1984 390 2019; x_wconf 81' lang='lat' dir='ltr'>dubitauimus</span> <span class='ocrx_word' id='word_1_225' title='bbox 418 1987 481 2018; x_wconf 85' lang='lat' dir='ltr'>aut</span> <span class='ocrx_word' id='word_1_226' title='bbox 503 1984 687 2018; x_wconf 83' lang='lat' dir='ltr'>credimus</span> <span class='ocrx_word' id='word_1_227' title='bbox 708 1987 747 2018; x_wconf 90' lang='lat' dir='ltr'>A.</span> <span class='ocrx_word' id='word_1_228' title='bbox 848 1987 867 2017; x_wconf 89' lang='grc'>6</span> <span class='ocrx_word' id='word_1_229' title='bbox 895 1996 914 2017; x_wconf 94' lang='lat' dir='ltr'>c</span> <span class='ocrx_word' id='word_1_230' title='bbox 941 1984 978 2017; x_wconf 87' lang='lat' dir='ltr'>et</span> <span class='ocrx_word' id='word_1_231' title='bbox 998 1996 1044 2016; x_wconf 83' lang='lat' dir='ltr'>xx</span> <span class='ocrx_word' id='word_1_232' title='bbox 1070 1983 1174 2017; x_wconf 52' lang='lat' dir='ltr'>*milia</span> <span class='ocrx_word' id='word_1_233' title='bbox 1201 1982 1383 2016; x_wconf 85' lang='lat' dir='ltr'>talentum</span> <span class='ocrx_word' id='word_1_234' title='bbox 1404 1983 1491 2017; x_wconf 79' lang='lat' dir='ltr'>Aci-</span> 
     </span>
     <span class='ocr_line' id='line_1_37' title="bbox 133 2030 1489 2076; baseline -0.001 -11"><span class='ocrx_word' id='word_1_235' title='bbox 133 2033 272 2067; x_wconf 77' lang='lat' dir='ltr'>dalius:</span> <span class='ocrx_word' id='word_1_236' title='bbox 299 2035 321 2065; x_wconf 67' lang='lat' dir='ltr'><em>E</em></span> <span class='ocrx_word' id='word_1_237' title='bbox 343 2034 380 2066; x_wconf 78' lang='lat' dir='ltr'>et</span> <span class='ocrx_word' id='word_1_238' title='bbox 399 2044 445 2065; x_wconf 82' lang='lat' dir='ltr'>xx</span> <span class='ocrx_word' id='word_1_239' title='bbox 466 2031 609 2065; x_wconf 86' lang='lat' dir='ltr'>talenta</span> <span class='ocrx_word' id='word_1_240' title='bbox 629 2035 668 2065; x_wconf 83' lang='lat' dir='ltr'>A.</span> <span class='ocrx_word' id='word_1_241' title='bbox 752 2031 810 2065; x_wconf 88' lang='lat' dir='ltr'>Ad</span> <span class='ocrx_word' id='word_1_242' title='bbox 838 2030 949 2076; x_wconf 89' lang='lat' dir='ltr'>quae]</span> <span class='ocrx_word' id='word_1_243' title='bbox 971 2032 1084 2074; x_wconf 81' lang='lat' dir='ltr'>atque</span> <span class='ocrx_word' id='word_1_244' title='bbox 1103 2033 1129 2063; x_wconf 84' lang='lat' dir='ltr'>B</span> <span class='ocrx_word' id='word_1_245' title='bbox 1151 2042 1194 2064; x_wconf 84' lang='lat' dir='ltr'>m.</span> <span class='ocrx_word' id='word_1_246' title='bbox 1210 2042 1270 2074; x_wconf 84' lang='lat' dir='ltr'>pr.</span> <span class='ocrx_word' id='word_1_247' title='bbox 1291 2033 1351 2063; x_wconf 75' lang='lat' dir='ltr'>FP</span> <span class='ocrx_word' id='word_1_248' title='bbox 1373 2041 1414 2063; x_wconf 85' lang='lat' dir='ltr'>m.</span> <span class='ocrx_word' id='word_1_249' title='bbox 1430 2040 1489 2074; x_wconf 80' lang='lat' dir='ltr'>pr.</span> 
     </span>
     <span class='ocr_line' id='line_1_38' title="bbox 136 2078 1490 2125; baseline -0.002 -12"><span class='ocrx_word' id='word_1_250' title='bbox 136 2083 178 2114; x_wconf 91' lang='lat'>10</span> <span class='ocrx_word' id='word_1_251' title='bbox 206 2079 444 2125; x_wconf 85' lang='lat' dir='ltr'>Parsagadis]</span> <span class='ocrx_word' id='word_1_252' title='bbox 466 2079 684 2123; x_wconf 69' lang='lat' dir='ltr'>persagadis</span> <span class='ocrx_word' id='word_1_253' title='bbox 705 2083 737 2113; x_wconf 85' lang='lat' dir='ltr'>c.</span> <span class='ocrx_word' id='word_1_254' title='bbox 839 2082 878 2112; x_wconf 87' lang='lat'>11</span> <span class='ocrx_word' id='word_1_255' title='bbox 908 2078 1122 2123; x_wconf 82' lang='lat' dir='ltr'>Parsagada</span> <span class='ocrx_word' id='word_1_256' title='bbox 1141 2079 1287 2122; x_wconf 69' lang='lat' dir='ltr'>scripsi:</span> <span class='ocrx_word' id='word_1_257' title='bbox 1314 2087 1490 2122; x_wconf 79' lang='lat' dir='ltr'>parsaga-</span> 
     </span>
     <span class='ocr_line' id='line_1_39' title="bbox 134 2123 1489 2172; baseline -0.002 -11"><span class='ocrx_word' id='word_1_258' title='bbox 134 2128 219 2161; x_wconf 88' lang='lat' dir='ltr'>dam</span> <span class='ocrx_word' id='word_1_259' title='bbox 241 2130 269 2160; x_wconf 89' lang='lat' dir='ltr'>A</span> <span class='ocrx_word' id='word_1_260' title='bbox 291 2127 553 2172; x_wconf 83' lang='lat' dir='ltr'>[persagadam</span> <span class='ocrx_word' id='word_1_261' title='bbox 574 2127 630 2171; x_wconf 79' lang='lat' dir='ltr'>V]</span> <span class='ocrx_word' id='word_1_262' title='bbox 745 2130 786 2160; x_wconf 75' lang='lat'>12</span> <span class='ocrx_word' id='word_1_263' title='bbox 817 2125 981 2160; x_wconf 86' lang='lat' dir='ltr'>Gobares</span> <span class='ocrx_word' id='word_1_264' title='bbox 1008 2126 1048 2161; x_wconf 86' lang='lat' dir='ltr'><em>F</em></span> <span class='ocrx_word' id='word_1_265' title='bbox 1048 2127 1230 2161; x_wconf 73' lang='lat' dir='ltr'>robenius:</span> <span class='ocrx_word' id='word_1_266' title='bbox 1259 2123 1424 2170; x_wconf 87' lang='lat' dir='ltr'>globaris</span> <span class='ocrx_word' id='word_1_267' title='bbox 1450 2127 1489 2158; x_wconf 80' lang='lat' dir='ltr'>A.</span> 
     </span>
     <span class='ocr_line' id='line_1_40' title="bbox 136 2170 1491 2218; baseline -0.002 -10"><span class='ocrx_word' id='word_1_268' title='bbox 136 2179 178 2209; x_wconf 78' lang='lat'>14</span> <span class='ocrx_word' id='word_1_269' title='bbox 205 2174 455 2208; x_wconf 73' lang='lat' dir='ltr'>Nicarchiden</span> <span class='ocrx_word' id='word_1_270' title='bbox 477 2175 686 2218; x_wconf 77' lang='lat' dir='ltr'>Zumptius:</span> <span class='ocrx_word' id='word_1_271' title='bbox 707 2173 943 2208; x_wconf 88' lang='lat' dir='ltr'>nicarthiden</span> <span class='ocrx_word' id='word_1_272' title='bbox 965 2177 1001 2216; x_wconf 84' lang='lat' dir='ltr'>P,</span> <span class='ocrx_word' id='word_1_273' title='bbox 1022 2172 1255 2207; x_wconf 77' lang='lat' dir='ltr'>nichartiden</span> <span class='ocrx_word' id='word_1_274' title='bbox 1277 2177 1310 2206; x_wconf 86' lang='lat' dir='ltr'>c.</span> <span class='ocrx_word' id='word_1_275' title='bbox 1396 2170 1491 2205; x_wconf 87' lang='lat' dir='ltr'>Tiri-</span> 
     </span>
     <span class='ocr_line' id='line_1_41' title="bbox 134 2220 1489 2267; baseline -0.001 -12"><span class='ocrx_word' id='word_1_276' title='bbox 134 2222 213 2256; x_wconf 88' lang='lat' dir='ltr'>dati</span> <span class='ocrx_word' id='word_1_277' title='bbox 240 2226 281 2255; x_wconf 82' lang='lat' dir='ltr'>L:</span> <span class='ocrx_word' id='word_1_278' title='bbox 316 2221 472 2266; x_wconf 75' lang='lat' dir='ltr'>tyridati</span> <span class='ocrx_word' id='word_1_279' title='bbox 498 2224 639 2254; x_wconf 83' lang='lat' dir='ltr'>BFPV.</span> <span class='ocrx_word' id='word_1_280' title='bbox 752 2225 794 2255; x_wconf 87' lang='lat'>15</span> <span class='ocrx_word' id='word_1_281' title='bbox 820 2221 953 2267; x_wconf 90' lang='lat' dir='ltr'>honos]</span> <span class='ocrx_word' id='word_1_282' title='bbox 986 2220 1104 2254; x_wconf 89' lang='lat' dir='ltr'>honus</span> <span class='ocrx_word' id='word_1_283' title='bbox 1130 2224 1156 2254; x_wconf 91' lang='lat' dir='ltr'>P</span> <span class='ocrx_word' id='word_1_284' title='bbox 1179 2232 1222 2255; x_wconf 87' lang='lat' dir='ltr'>m.</span> <span class='ocrx_word' id='word_1_285' title='bbox 1239 2232 1310 2264; x_wconf 63' lang='lat' dir='ltr'>pr..</span> <span class='ocrx_word' id='word_1_286' title='bbox 1337 2229 1427 2254; x_wconf 86' lang='lat' dir='ltr'>onos</span> <span class='ocrx_word' id='word_1_287' title='bbox 1453 2222 1489 2252; x_wconf 79' lang='lat'>1..</span> 
     </span>
     <span class='ocr_line' id='line_1_42' title="bbox 138 2266 1490 2312; baseline -0.003 -9"><span class='ocrx_word' id='word_1_288' title='bbox 138 2273 178 2303; x_wconf 87' lang='grc'>16</span> <span class='ocrx_word' id='word_1_289' title='bbox 207 2269 366 2303; x_wconf 83' lang='lat' dir='ltr'>Dareum</span> <span class='ocrx_word' id='word_1_290' title='bbox 393 2273 426 2303; x_wconf 86' lang='lat'>1:</span> <span class='ocrx_word' id='word_1_291' title='bbox 455 2269 598 2303; x_wconf 87' lang='lat' dir='ltr'>darium</span> <span class='ocrx_word' id='word_1_292' title='bbox 620 2271 658 2302; x_wconf 84' lang='lat' dir='ltr'>A.</span> <span class='ocrx_word' id='word_1_293' title='bbox 785 2272 825 2302; x_wconf 86' lang='grc'>17</span> <span class='ocrx_word' id='word_1_294' title='bbox 854 2268 1099 2303; x_wconf 82' lang='lat' dir='ltr'>Parmeniona</span> <span class='ocrx_word' id='word_1_295' title='bbox 1124 2271 1158 2302; x_wconf 87' lang='lat'>1:</span> <span class='ocrx_word' id='word_1_296' title='bbox 1185 2266 1425 2312; x_wconf 80' lang='lat' dir='ltr'>permeniona</span> <span class='ocrx_word' id='word_1_297' title='bbox 1450 2269 1490 2300; x_wconf 85' lang='grc' dir='ltr'>Δ.</span> 
     </span>
     <span class='ocr_line' id='line_1_43' title="bbox 135 2313 1492 2362; baseline -0.003 -11"><span class='ocrx_word' id='word_1_298' title='bbox 135 2316 414 2362; x_wconf 81' lang='lat' dir='ltr'>Craterumque]</span> <span class='ocrx_word' id='word_1_299' title='bbox 443 2319 702 2360; x_wconf 85' lang='lat' dir='ltr'>cratarumque</span> <span class='ocrx_word' id='word_1_300' title='bbox 728 2319 763 2349; x_wconf 92' lang='lat' dir='ltr'>P.</span> <span class='ocrx_word' id='word_1_301' title='bbox 854 2319 895 2349; x_wconf 89' lang='grc'>19</span> <span class='ocrx_word' id='word_1_302' title='bbox 926 2314 1192 2362; x_wconf 85' lang='lat' dir='ltr'>Vergiliarum]</span> <span class='ocrx_word' id='word_1_303' title='bbox 1224 2313 1439 2361; x_wconf 81' lang='lat' dir='ltr'>uigiliarum</span> <span class='ocrx_word' id='word_1_304' title='bbox 1465 2316 1492 2347; x_wconf 87' lang='lat' dir='ltr'>P</span> 
     </span>
     <span class='ocr_line' id='line_1_44' title="bbox 137 2363 1158 2409; baseline -0.002 -11"><span class='ocrx_word' id='word_1_305' title='bbox 137 2377 177 2399; x_wconf 87' lang='lat' dir='ltr'>m.</span> <span class='ocrx_word' id='word_1_306' title='bbox 195 2377 252 2409; x_wconf 81' lang='lat' dir='ltr'>pr.</span> <span class='ocrx_word' id='word_1_307' title='bbox 354 2368 397 2399; x_wconf 81' lang='lat'>26</span> <span class='ocrx_word' id='word_1_308' title='bbox 426 2367 529 2398; x_wconf 81' lang='lat' dir='ltr'>vasta</span> <span class='ocrx_word' id='word_1_309' title='bbox 555 2369 666 2407; x_wconf 80' lang='lat' dir='ltr'>atque</span> <span class='ocrx_word' id='word_1_310' title='bbox 696 2363 835 2398; x_wconf 71' lang='lat' dir='ltr'>Lauer:</span> <span class='ocrx_word' id='word_1_311' title='bbox 862 2366 972 2398; x_wconf 79' lang='lat' dir='ltr'>uasta</span> <span class='ocrx_word' id='word_1_312' title='bbox 998 2373 1093 2408; x_wconf 87' lang='lat' dir='ltr'>quae</span> <span class='ocrx_word' id='word_1_313' title='bbox 1120 2366 1158 2396; x_wconf 89' lang='lat' dir='ltr'>A.</span> 
     </span>
    </p>
   </div>
  </div>
 </body>
</html>
