1610 2522
126 112 206 153 182
621 115 660 152 Q.
689 110 834 145 CURTI
859 109 972 144 RUFI

122 220 375 262 venerabilis
403 220 560 275 coegit,
604 223 650 260 ut
687 218 976 260 vehementius
1010 217 1231 272 parricidis
1265 218 1477 269 irascerer,

121 280 323 334 quoniam
352 279 385 320 is
419 279 593 333 primus,
628 279 758 319 immo
791 292 900 319 unus
928 279 1039 320 vitae
1068 292 1182 318 meae
1209 277 1374 318 fructus
1402 279 1477 325 est,

123 343 186 381 tot
231 339 478 381 fortissimis
524 339 625 379 viris
665 342 707 379 et
745 337 794 379 de
833 353 899 378 me
933 337 1094 391 optime
1126 336 1289 378 meritis
1321 335 1477 378 referre

74 412 94 438 :1
122 399 257 440 adhuc
305 398 480 453 gratiam
529 397 678 452 posse.²
743 396 973 451 Interrupit
1013 396 1246 438 orationem
1290 395 1476 437 militum

123 458 320 513 gemitus,
353 457 612 511 obortaeque
646 459 745 497 sunt
772 456 968 497 omnibus
995 455 1206 497 lacrimae.
1257 454 1365 496 Tum
1388 469 1476 495 rex:
1518 471 1532 496 5

124 516 344 571 ‘Quant0',
389 516 548 570 inquit,
594 516 812 557 ‘maiorem
852 517 895 556 in
934 515 1086 556 animis
1131 515 1280 555 vestris
1313 517 1478 555 motum

124 576 337 629 excitabo,
375 590 471 617 cum
505 575 611 617 tanti
646 575 816 617 sceleris
849 578 1042 616 auctores
1075 573 1317 616 ostendero!
1370 572 1479 622 Quo-

123 651 217 676 rum
266 635 524 677 mentionem
569 634 705 675 adhuc
753 633 982 675 reformido
1019 638 1077 681 et,
1122 636 1340 687 tamquam
1374 632 1479 674 salvi

124 710 215 736 esse
259 695 443 749 possint,
488 693 733 735 nominibus
778 693 983 735 abstineo.
1053 692 1135 734 Sed
1174 691 1380 733 vincenda
1418 695 1481 733 est

124 754 329 796 memoria
361 754 566 807 pristinae
599 754 790 794 caritatis
823 756 863 794 et
895 754 1130 794 coniuratio
1164 753 1393 806 impiorum
1428 752 1481 792 ci·
1505 772 1535 793 ιι.

124 814 241 855 vium
263 813 508 868 detegenda.
561 812 783 862 Quomodo
805 815 947 853 autem
975 815 1139 853 tantum
1167 814 1286 852 nefas
1307 811 1481 852 sileam?

125 873 363 925 Parmenio,
396 873 470 915 illa
502 876 650 924 aetate,
682 875 747 914 tot
780 872 899 926 meis,
931 875 995 913 tot
1028 871 1218 925 parentis
1249 872 1331 911 mei
1359 870 1481 911 meri-

125 933 179 973 tis
221 933 459 982 devinctus,
505 933 695 973 omnium
729 931 852 972 nobis
887 931 1120 972 amicorum
1153 929 1482 982 vetustissimus,

79 1004 93 1021 f
125 992 274 1033 ducem
308 1006 350 1033 se
384 990 532 1032 sceleri
564 994 684 1033 tanto
720 991 925 1044 praebuit.
989 990 1185 1031 Minister
1216 990 1305 1031 eius
1340 988 1481 1030 Philo-

125 1055 191 1093 tas
223 1051 482 1093 Peucolaum
516 1055 558 1091 et
589 1050 854 1091 Demetrium
890 1054 930 1091 et
961 1049 1074 1091 hunc
1100 1049 1329 1104 Dymnum,
1363 1048 1535 1090 cuius15

126 1125 280 1165 corpus
313 1111 520 1165 aspicitis,
553 1114 800 1163 ceterosque
833 1110 1020 1151 eiusdem
1049 1110 1258 1150 amentiae
1286 1108 1330 1149 in
1355 1110 1482 1162 caput

79 1182 98 1212 6
125 1185 267 1211 meum
314 1170 589 1211 subornavit.⁷
672 1169 885 1210 Fremitus
933 1169 1120 1223 undique
1165 1167 1481 1223 indignantium
1503 1171 1552 1204 33

127 1231 482 1284 querentiumque
515 1232 606 1270 tota
639 1229 835 1271 contione
869 1228 1159 1282 obstrepebat,
1204 1227 1342 1282 qualis
1375 1227 1484 1268 solet

127 1304 218 1330 esse
257 1288 546 1330 multitudinis
580 1292 621 1329 et
654 1289 836 1329 maxime
870 1288 1086 1341 militaris,
1130 1287 1203 1328 ubi
1236 1290 1310 1328 aut
1341 1286 1482 1328 studio

127 1349 270 1404 agitur
309 1352 382 1389 aut
420 1349 493 1389 ira.
556 1347 846 1389 Nicomachus
879 1347 1028 1389 deinde
1061 1352 1102 1388 et
1134 1346 1303 1388 Metron
1335 1351 1376 1386 et
1410 1345 1483 1386 Ce-
1505 1363 1537 1387 20

127 1407 295 1449 balinus
341 1408 557 1462 producti,
603 1422 709 1461 quae
755 1408 936 1461 quisque
982 1406 1209 1460 detulerat,
1252 1411 1483 1459 exponunt.

128 1466 301 1509 Nullius
347 1481 493 1508 eorum
539 1467 696 1507 indicio
730 1466 923 1507 Philotas
968 1470 1015 1507 ut-
1056 1467 1269 1520 particeps
1314 1464 1483 1505 sceleris

129 1526 433 1568 destinabatur.
484 1525 632 1580 Itaque
661 1526 954 1582 indignatione
980 1539 1178 1579 expressa
1198 1539 1280 1566 vox
1304 1525 1483 1565 invicem

82 1617 97 1629 1,
131 1586 300 1627 silentio
335 1589 511 1640 excepta
547 1589 621 1627 est.
685 1585 794 1626 Tum
826 1601 917 1627 rex:
960 1584 1151 1637 eQualis’,
1183 1584 1335 1638 inquit,
1367 1584 1484 1637 ‘ergo

130 1645 261 1686 animi
287 1645 409 1686 vobis
436 1645 615 1698 videtur,
649 1646 721 1698 qui
747 1644 875 1686 huius
902 1644 963 1686 rei
990 1644 1174 1685 delatum
1201 1643 1402 1684 indicium
1433 1642 1485 1682 ad
1506 1659 1538 1684 25

129 1706 270 1758 ipsum
323 1705 590 1758 suppressit?
654 1704 774 1753 Quod
819 1719 905 1746 non
950 1704 1080 1744 fuisse
1125 1718 1280 1745 vanum
1325 1701 1485 1756 Dymni

228 1803 243 1831 1
274 1798 397 1839 coegit
419 1798 638 1832 Frobenius:
668 1797 768 1841 cogit
794 1800 904 1834 BFL,
932 1798 1040 1841 coget
1061 1800 1101 1832 V,
1127 1808 1193 1830 om.
1215 1799 1250 1828 P.
1349 1798 1369 1828 2
1396 1805 1486 1838 qno-

131 1846 232 1879 niam
247 1850 279 1879 1:
296 1857 408 1889 quam
419 1848 458 1878 A.
510 1844 540 1878 is
557 1845 695 1889 primus
714 1844 755 1877 G.
769 1844 1020 1878 Hernmmms:
1038 1843 1192 1888 spiritus
1207 1846 1245 1876 A.
1297 1847 1317 1876 4
1332 1852 1440 1886 posse
1452 1845 1484 1874 1:

131 1904 274 1938 possem
297 1897 326 1926 A
346 1894 513 1938 [possent
533 1893 588 1937 Vi-
667 1891 884 1937 Interrupit}
906 1891 1131 1935 interruppit
1151 1894 1189 1924 V.
1263 1889 1485 1934 orationem]

132 1941 343 1974 oracionem
363 1943 402 1973 V.
497 1945 515 1972 ἴ)
544 1939 787 1984 obortaeque]
815 1938 1021 1982 aboi-ecque
1047 1943 1071 1971 P
1101 1951 1141 1972 m.
1166 1950 1223 1982 pr.
1316 1936 1486 1971 omnihus

131 1999 197 2022 om.
219 1991 258 2021 V.
328 1991 347 2021 9
371 1987 530 2032 possint-‘1
559 1989 709 2031 possent
729 1990 763 2020 P.
867 1991 907 2020 14
935 1986 988 2031 se]
1016 1986 1078 2020 sed
1098 1989 1122 2018 P
1145 1998 1187 2019 m.
1207 1997 1262 2029 pr.
1364 1983 1486 2017 Philo-

132 2036 206 2081 tas]
234 2035 411 2080 phylotas
438 2039 470 2068 C.
572 2039 613 2068 15
640 2033 861 2068 Peucolaum
890 2034 1111 2068 frobenius:
1141 2032 1348 2066 leucolaum
1375 2034 1413 2064 Δ.

134 2083 337 2128 Dymnum]
372 2082 538 2115 dimnum
565 2085 637 2114 Pv.
763 2084 804 2114 125
841 2080 978 2126 qualis]
1015 2080 1143 2124 quales
1176 2084 1211 2112 P.
1337 2082 1378 2112 19
1406 2079 1486 2123 aut]

134 2130 233 2164 haud
261 2134 286 2163 P
315 2143 356 2164 m.
381 2142 436 2173 pr.
549 2132 592 2163 20
619 2128 883 2173 Nicomachus]
910 2127 1174 2162 nichomachus
1195 2131 1268 2160 FV.
1362 2130 1405 2159 22
1433 2126 1488 2160 in-

134 2178 249 2222 1110101
278 2177 412 2211 inditio
432 2180 501 2209 FP.
580 2175 760 2221 Philotas]
788 2175 962 2220 phylotas
985 2179 1015 2208 C.
1092 2177 1131 2208 ut
1157 2175 1360 2209 Ilentleius:
1388 2174 1425 2207 in
1447 2177 1486 2206 A.

135 2229 178 2258 ‘23
207 2225 480 2269 destinabatur]
521 2223 774 2257 distinabatur
808 2227 842 2256 P.
972 2222 1158 2268 expressa]
1196 2232 1350 2265 expressa
1380 2225 1415 2254 P.

135 2273 293 2306 invicem
316 2273 472 2316 leepius:
501 2271 666 2305 indicum
687 2274 725 2304 A.
836 2274 877 2303 24
900 2270 992 2304 Tum
1015 2274 1054 2303 P:
1083 2273 1171 2303 tunc:
1199 2274 1230 2303 C.
1339 2279 1426 2313 ergo
1453 2271 1486 2301 1:

134 2330 223 2363 erga
250 2323 287 2352 A.
377 2323 419 2352 25
448 2319 607 2363 videtur]
636 2318 824 2352 uideretur
850 2321 888 2350 V.
976 2319 1022 2351 ad
1051 2317 1171 2360 ipsum
1199 2316 1487 2352 Freinshemius:

135 2367 173 2401 id
201 2367 322 2411 ipsum
349 2370 386 2400 A.
488 2371 530 2401 26
559 2365 711 2411 Dymni]
739 2365 855 2399 dimni
881 2369 920 2398 V.
