1610 2522
82 1299 124 1329 10

81 1598 120 1626 11

81 1895 122 1924 12

151 103 236 144 270
654 104 693 145 Q.
722 103 863 138 CURTI
890 103 1002 139 RUFI

150 216 239 253 tare
283 216 599 266 prosternentes
645 212 764 254 humi
808 227 997 267 corpora.
1072 212 1171 254 Non
1215 213 1359 254 deerat
1402 213 1504 255 talia

149 272 467 326 concupiscenti
514 272 755 326 perniciosa
799 272 1005 325 adulatio,
1050 276 1302 326 perpetuum
1344 273 1502 314 malum

149 346 315 386 regum,
360 346 540 386 quornm
580 346 680 386 opes
720 331 887 386 saepius
927 331 1163 374 adsentatio
1207 347 1333 386 quam
1366 332 1504 373 hostis

150 392 312 432 evertit..
385 391 474 432 Nec
507 391 786 433 Macedonum
832 392 934 432 haec
979 395 1068 433 erat
1111 391 1236 446 culpa
1279 416 1334 421 ——
1379 406 1503 434 nemo

150 450 260 491 enim
307 452 477 493 illorum
524 451 753 505 quiequam
794 465 843 492 ex
886 452 1024 505 patrio
1058 465 1174 492 more
1207 451 1348 492 labare
1381 451 1505 492 susti·
1543 467 1558 492 5

151 511 244 551 nuit
277 535 331 539 —
365 510 437 551 sed
471 509 742 563 Graecorum,
782 511 853 564 qui
887 511 1195 565 professionem
1228 511 1504 552 honestarum

150 571 305 610 artium
339 570 464 611 malis
498 573 782 624 conruperant
813 570 1017 623 moribus,
1049 570 1156 625 Agis
1184 570 1354 624 quidem
1381 570 1505 625 Argi-

151 644 245 682 vuS‚
290 630 572 684 pessimorum
614 630 848 671 carminum
890 634 988 683 post
1022 630 1265 670 Choerilum
1300 629 1506 682 conditor,

150 692 192 729 et
225 704 275 730 ex
308 688 456 731 Sicilia
486 688 598 742 Cleo,
631 689 700 731 hic
734 689 903 743 quidem
937 704 1022 730 non
1057 689 1217 745 ingenii
1250 689 1399 743 solum,
1432 689 1506 730 sed

150 749 278 789 etiam
312 749 498 790 nationis
531 749 636 790 vitio
663 749 870 803 adulator,
903 753 945 790 et
971 752 1109 790 cetera
1134 749 1303 790 urbium
1332 763 1504 790 suarum
1526 765 1560 790 10

150 812 448 864 purgamenta,
500 823 607 862 quae
657 808 910 863 propinquis
956 809 1083 849 etiam
1135 809 1505 862 maximorumque

151 868 409 909 exercituum
443 868 620 909 ducibus
654 883 677 908 a
710 883 808 923 rege
841 868 1146 909 inserebantur.
1205 867 1262 909 HJ·
1295 871 1384 909 tum
1418 882 1506 909 cae-

150 927 239 969 lum
277 928 339 969 illi
380 928 626 983 aperiebant
668 927 982 982 Herculemque
1021 931 1063 968 et
1101 927 1271 968 Patrem
1304 927 1504 968 Liberum

150 991 192 1028 et
231 1002 324 1028 cum
360 987 534 1029 Polluce
569 987 786 1028 Castorem
825 1002 937 1029 novo
977 988 1141 1028 numini
1181 1001 1373 1028 cessuros
1415 1001 1505 1028 esse

149 1047 375 1089 iactabant.
438 1046 576 1101 Igitur
613 1047 722 1088 festo
763 1047 829 1088 die
863 1047 977 1088 omni
1012 1047 1231 1102 opulentia
1264 1046 1503 1088 convivium
1528 1049 1576 1084 IS

150 1107 343 1148 exornari
388 1107 524 1160 iubet,
570 1107 636 1148 cui
682 1121 767 1148 non
806 1106 1058 1148 Macedones
1104 1107 1229 1148 modo
1273 1109 1313 1147 et
1348 1104 1506 1159 Graeci,
1526 1123 1558 1148 ιε

150 1167 364 1220 principes
399 1167 644 1219 amicorum,
678 1166 751 1207 sed
784 1167 910 1207 etiam
941 1167 1118 1208 hostium
1143 1166 1309 1207 nobiles
1336 1165 1505 1206 adhibe·

151 1229 308 1267 rentur.
382 1225 486 1267 Cum
522 1226 677 1280 quibus
711 1240 803 1266 cum
841 1226 1125 1267 discubuisset
1156 1240 1247 1279 rex,
1290 1224 1506 1279 paulisper

151 1286 346 1339 epulatus
380 1285 576 1326 convivio
610 1285 835 1339 egreditur.
899 1284 1018 1339 Cleo,
1060 1285 1170 1326 sicut
1206 1288 1505 1340 praeparatum

152 1349 252 1397 erat,
285 1359 524 1387 sermonem
557 1360 652 1386 cum
681 1345 962 1386 admiratione
988 1345 1161 1386 laudum
1189 1345 1278 1386 eius
1305 1344 1503 1386 instituit.
1525 1361 1559 1386 20

151 1404 304 1445 Merita
350 1404 499 1446 deinde
543 1405 802 1459 percensuit:
857 1405 1012 1458 quibus
1056 1419 1141 1446 uno
1186 1404 1313 1446 modo
1358 1403 1505 1446 referri

151 1464 333 1519 gratiam
367 1479 507 1518 posse,
541 1465 595 1517 si,
628 1478 752 1519 quem
788 1465 1083 1519 intellegerent
1117 1464 1241 1504 deum
1268 1478 1377 1517 esse,
1409 1477 1506 1504 con-

151 1524 373 1565 fiterentur
411 1525 566 1580 exigua
603 1524 710 1565 turis
750 1524 926 1578 inpensa
964 1527 1083 1565 tanta
1122 1523 1327 1564 beneficia
1357 1537 1504 1578 pensa-

151 1583 247 1624 turi.
311 1583 460 1625 Persas
500 1583 669 1638 quidem
710 1598 793 1624 non
833 1583 901 1637 pie
940 1583 1096 1637 solum,
1139 1583 1210 1624 sed
1246 1584 1372 1624 etiam
1407 1597 1504 1636 pru-

151 1642 299 1684 denter
336 1658 457 1698 reges
491 1657 590 1684 suos
622 1643 732 1684 inter
765 1643 863 1684 deos
897 1643 1051 1684 colere:
1095 1642 1358 1684 maiestatem
1392 1642 1503 1682 enim
1525 1658 1557 1684 25

152 1703 321 1756 imperii
354 1702 503 1744 salutis
535 1717 626 1744 esse
659 1704 848 1744 tutelam.
899 1701 964 1744 Ne
997 1702 1225 1743 Herculem
1260 1702 1430 1756 quidem
1463 1704 1505 1742 et

151 1762 321 1803 Patrem
354 1762 555 1803 Liberum
602 1763 720 1816 prius
765 1762 928 1804 dicatos
973 1761 1091 1816 deos,
1136 1776 1263 1816 quam
1304 1762 1506 1802 vicissent

152 1835 294 1863 secum
326 1822 562 1864 viventium
590 1821 811 1863 invidiam:
844 1824 1012 1862 tantum
1039 1822 1089 1863 de
1116 1835 1284 1876 quoque
1310 1823 1504 1876 posteros

150 1881 329 1934 credere,
363 1884 570 1936 quantum
602 1895 802 1935 praesens
835 1884 949 1922 aetas
982 1880 1290 1936 spopondisset.
1344 1879 1504 1928 Quodsi

247 1990 265 2019 2
293 1986 517 2032 perniciosa]
544 1986 749 2030 pernitiosa
775 1990 810 2019 P.
897 1990 916 2019 5
944 1985 1087 2032 labare]
1113 1985 1229 2019 libere
1256 1989 1290 2019 P.
1386 1989 1403 2018 7
1426 1996 1504 2020 cor-

150 2035 342 2080 ruperant]
370 2036 591 2078 coruperant
617 2038 652 2067 P.
760 2033 851 2077 Agis
878 2034 1014 2069 Aldus:
1048 2034 1164 2078 bages
1191 2036 1229 2066 A.
1336 2033 1503 2078 quidem]

151 2082 305 2126 quidam
332 2087 364 2116 C.
463 2085 484 2115 8
509 2081 754 2125 pessimorum
783 2082 922 2116 Laeter:
950 2081 1203 2124 piissimorum
1230 2083 1268 2113 A.
1355 2079 1504 2114 Choeri-

150 2129 243 2175 lum]
264 2129 483 2164 choerillum
504 2132 539 2170 P,
561 2128 763 2162 coherilnm
785 2132 843 2161 ΕΙ,
865 2141 907 2162 m.
924 2140 982 2172 pr.
1060 2132 1102 2162 10
1128 2127 1308 2173 nationis]
1333 2128 1502 2162 nationes

150 2181 174 2210 L
197 2189 239 2211 m.
256 2189 314 2222 pr.
421 2177 528 2222 vitio]
555 2176 689 2210 uitium
716 2179 774 2209 BL
803 2188 843 2209 m.
871 2188 926 2220 pr.
954 2180 996 2218 P,
1029 2176 1169 2210 uicium
1189 2179 1228 2208 V.
1377 2179 1419 2209 12
1446 2177 1503 2210 in-

151 2225 370 2259 serebantur
399 2226 546 2269 scripsi:
577 2223 791 2258 serebantur
823 2227 862 2257 A.
968 2228 1010 2257 15
1044 2222 1268 2267 convivium]
1303 2222 1503 2256 conuuium

150 2276 209 2305 ΕΙ,
230 2285 274 2306 m.
291 2285 348 2317 pr.
370 2276 408 2307 V.
534 2275 575 2306 17
602 2272 794 2306 hostium
814 2270 958 2305 nobiles
977 2272 1124 2315 scripsi:
1160 2269 1302 2304 nobiles
1324 2274 1362 2303 A.
1438 2269 1502 2304 ad-

150 2319 381 2365 hiberentur}
427 2319 668 2354 adiberentur
705 2321 745 2352 V.
918 2322 962 2352 20
1001 2317 1223 2363 sermonem]
1267 2327 1434 2352 sermone
1465 2321 1501 2351 Ρ.

151 2372 194 2401 28
222 2372 368 2401 tantum
396 2368 456 2413 de]
483 2367 705 2401 tantundem
732 2370 764 2400 c.
