1610 2522
352 105 679 139 Hls'rouiAffl'M
710 104 985 138 ALEXANDHl
1016 104 1091 140 llll.
1121 109 1149 138 T.
1172 108 1203 137 8.
1402 104 1456 143 (39

34 221 84 255 33
196 216 436 257 Alexander
469 214 520 255 ab
550 214 786 255 Hammone
816 214 982 255 rediens
1016 214 1067 254 ad
1094 213 1307 255 Mareotin
1341 213 1456 267 palu·
1483 217 1556 251 Vll!

105 277 198 317 dem
232 276 345 316 haud
379 275 528 329 procul
561 273 700 315 insula
732 273 870 314 Pharo
905 273 1030 314 sitam
1072 273 1195 314 venit.
1261 272 1455 314 Contem-

105 336 245 389 platus
284 334 366 376 loci
405 337 599 375 naturam
634 333 818 387 primum
859 333 900 373 in
940 333 1034 387 ipsa
1072 332 1209 373 insula
1249 335 1457 374 statuerat

106 396 253 436 urbem
287 409 440 435 novam
469 393 666 434 condere:
700 393 796 433 inde
831 395 876 433 ut
904 392 1101 447 adparuit
1134 408 1311 448 magnae
1345 391 1456 433 sedis
1485 405 1503 433 2

68 454 285 499 5insulam
331 453 445 494 haud
490 467 683 507 capacem
731 466 834 506 esse,
878 451 1007 507 elegit
1050 452 1146 493 urbi
1184 453 1340 506 locum,
1385 451 1455 492 ubi

103 530 217 556 nunc
244 516 307 555 est
334 512 614 566 Alexandrea,
647 512 978 566 appellationem
1005 511 1177 552 trahens
1208 527 1259 552 ex
1284 513 1456 553 nomine

105 573 302 615 auctoris.
367 572 621 626 ConplexuS‚
655 572 862 626 quidquid
902 572 982 612 soli
1020 574 1083 613 est
1115 571 1226 613 inter
1257 571 1455 626 paludem

104 648 152 675 ac
186 648 311 687 mare,
345 632 565 687 octoginta
597 631 831 673 stadiorum
866 631 996 672 muris
1030 631 1239 672 ambitum
1272 631 1458 672 destinat

104 696 156 745 01,
184 694 257 747 qui
283 692 622 734 exaedificandae
650 691 746 732 urbi
772 693 1028 745 praeessent,
1056 690 1214 732 relictis
1235 689 1455 745 Memphin

52 772 83 797 10
104 753 221 807 petit.
287 751 451 805 Cupido
494 751 607 792 haud
652 751 809 792 iniusta
855 751 1038 804 quidem,
1079 753 1263 791 ceterum
1307 750 1458 791 intem-
1485 760 1504 790 3

103 813 270 867 pestiva
315 813 543 852 incesserat
587 825 674 851 non
718 810 922 851 interiora
968 810 1092 851 modo
1138 809 1340 865 Aegypti,
1384 809 1457 850 sed

103 871 230 913 etiam
257 870 531 925 Aethiopiam
558 870 756 912 invisere:
790 869 1030 911 Memnonis
1059 869 1319 924 Tithonique
1352 869 1457 910 cele-

104 931 223 972 brata
268 931 384 985 regia
423 930 742 985 cognoscendae
781 931 1006 971 vetustatis
1052 929 1223 970 avidum
1262 929 1458 970 trahebat

103 1005 236 1045 paene
282 993 401 1031 extra
444 990 649 1031 terminos
697 989 811 1030 solis.
887 988 969 1030 Sed
1014 989 1240 1030 imminens
1284 989 1457 1042 bellum,
1483 1000 1504 1030 4

52 1070 81 1095 15
104 1050 223 1091 cuius
258 1049 393 1091 multo
426 1049 562 1090 maior
595 1051 811 1103 supererat
844 1050 990 1103 moles,
1024 1049 1184 1090 otiosae
1218 1049 1458 1104 peregrina-

102 1109 211 1151 tioni
261 1115 456 1163 tempora
506 1112 729 1150 exemerat.
810 1107 962 1162 Itaque
1008 1108 1205 1164 Aegypto
1251 1108 1456 1163 praefecit

102 1168 363 1224 Aeschylum
402 1168 620 1210 Rhodium
665 1172 706 1209 et
746 1168 978 1210 Peucesten
1017 1167 1290 1210 Macedonem
1337 1170 1457 1222 quat-

103 1232 199 1270 tuor
226 1228 400 1270 milibus
426 1227 612 1269 militum
646 1228 691 1269 in
716 1227 975 1282 praesidium
1002 1228 1189 1283 regionis
1217 1229 1307 1270 eius
1336 1228 1457 1279 datis,

103 1288 286 1329 claustra
318 1287 407 1329 Nili
442 1287 630 1329 fluminis
656 1287 933 1329 Polemonem
966 1288 1075 1329 tueri
1108 1287 1244 1329 iubet:
1277 1300 1371 1328 XXX
1406 1287 1457 1328 ad

49 1368 82 1393 20
102 1348 184 1389 hoc
229 1349 420 1389 triremes
467 1347 597 1388 datae.
673 1347 843 1388 Africae
889 1347 1056 1400 deinde,
1102 1362 1208 1401 quae
1253 1346 1455 1402 Aegypto
1484 1358 1503 1387 5

105 1408 247 1448 iuncta
275 1410 350 1460 est,
378 1407 646 1461 praepositus
668 1406 938 1461 Apollonius,
965 1406 1247 1463 vectigalibus
1268 1407 1455 1447 eiusdem

103 1466 273 1508 Africae
306 1465 578 1522 Aegyptique
612 1465 873 1507 Cleomenes.
936 1465 1002 1507 Ex
1044 1467 1238 1507 finitimis
1278 1466 1456 1508 urbibus

104 1527 384 1582 commigrare
417 1525 727 1566 Alexandream
765 1527 891 1567 iussis
923 1540 1078 1567 novam
1116 1525 1263 1567 urbem
1302 1540 1455 1581 magna

103 1585 377 1627 multitudine
428 1585 618 1639 inplevit.
704 1584 834 1626 Fama
884 1589 965 1639 est,
1023 1600 1118 1627 cum
1175 1601 1249 1627 rex
1307 1585 1453 1627 orbem
1483 1597 1502 1626 <3

49 1665 81 1689 25
103 1645 237 1686 futuri
271 1645 380 1686 muri
412 1644 596 1699 polenta,
628 1648 676 1686 ut
708 1645 988 1686 Macedonum
1021 1659 1112 1687 mos
1146 1648 1220 1699 est,
1254 1645 1454 1686 destinas-

103 1708 184 1757 set,
226 1704 366 1745 avium
411 1718 560 1759 greges
603 1704 822 1745 advolasse
865 1707 906 1745 et
948 1704 1123 1759 polenta
1165 1719 1255 1746 esse
1295 1707 1454 1758 pastas:

199 1802 214 1831 1
245 1797 464 1843 Hammone]
492 1809 660 1832 ammone
686 1801 825 1831 FLPV.
924 1798 972 1832 ad
997 1799 1142 1842 scrz'psi:
1171 1800 1212 1831 ut
1238 1801 1277 1831 A.
1377 1798 1455 1831 Ma-

101 1845 221 1879 reotin
259 1846 427 1880 Illodius:
467 1848 660 1889 mareotyn
697 1849 736 1878 A.
884 1850 903 1879 3
936 1846 1074 1891 insula]
1113 1845 1223 1879 insila
1262 1849 1287 1879 B
1323 1859 1366 1880 m.
1396 1858 1454 1889 pr.

103 1897 121 1926 4
151 1893 323 1937 condere]
360 1893 559 1927 concedere
590 1897 617 1926 F
651 1906 692 1927 m.
716 1905 774 1937 pr.
802 1897 826 1926 L
862 1906 902 1926 m.
926 1906 983 1937 pr.
1113 1893 1302 1939 adparuit]
1339 1904 1453 1937 appa-

103 1940 217 1974 ruerit
236 1944 275 1973 V.
359 1945 378 1974 6
406 1941 637 1975 Alexandrea
672 1942 793 1986 Voyel:
822 1940 1014 1974 alexandri
1041 1944 1079 1974 A.
1156 1948 1175 1974 ὅ
1202 1942 1318 1987 mare]
1346 1951 1455 1985 mage

103 1992 128 2020 F
151 2001 192 2022 m.
209 1999 266 2031 pr.
344 1992 362 2022 9
390 1988 580 2032 Memphin
601 1992 642 2021 P:
670 1989 871 2032 memphim
893 1993 925 2022 C.
1003 1993 1045 2022 10
1066 1989 1181 2035 haud]
1204 1990 1269 2022 aut
1289 1992 1314 2021 B
1337 2001 1378 2023 m.
1396 2000 1453 2032 pr.

106 2040 145 2068 11
167 2035 383 2081 incesserat]
398 2036 626 2070 incesserant
639 2039 677 2070 V.
756 2040 796 2068 1⁶2
818 2036 1055 2080 Aethiopiam
1069 2040 1101 2069 1:
1123 2036 1328 2080 ethiopiam
1343 2039 1381 2070 A.

104 2082 325 2128 Memnonis]
353 2084 570 2117 memmonis
597 2087 633 2116 F.
745 2083 969 2126 Tithonique
997 2085 1133 2119 Aldus:
1160 2083 1390 2127 tithonisque
1417 2087 1453 2125 P,

103 2130 305 2173 titonisque
328 2134 359 2164 C.
461 2136 502 2165 15
526 2130 659 2176 multo]
683 2130 841 2164 multum
864 2135 900 2164 1³.
1001 2135 1042 2165 17
1070 2131 1295 2175 Aeschylum
1317 2132 1452 2166 Aldus:

103 2177 319 2212 haesculum
339 2182 378 2211 A.
455 2183 497 2213 19
518 2178 755 2213 Polemonem
770 2178 910 2213 Lauer:
932 2178 1157 2223 polimonem
1169 2183 1207 2212 A.
1284 2183 1327 2212 20
1348 2179 1453 2212 trire-

103 2225 195 2270 mes]
216 2225 343 2259 ‘crimes
364 2229 389 2259 B
412 2238 453 2260 m.
470 2239 527 2270 pr.
611 2236 705 2269 quae
726 2227 912 2272 Aegypto]
935 2228 1147 2271 quaegypto
1167 2231 1202 2260 P.
1279 2231 1322 2260 22
1351 2226 1452 2261 Cleo-

104 2283 227 2306 menes
254 2273 474 2308 Frobcm'us:
509 2273 669 2308 clemens
695 2276 733 2306 A.
866 2274 1048 2320 finitimis]
1083 2274 1248 2308 finitibus
1275 2278 1300 2307 P
1328 2286 1370 2308 m.
1393 2286 1451 2317 pr.

106 2323 148 2352 ‘23
178 2320 448 2355 Alexandream
475 2325 515 2354 P:
545 2320 800 2354 alexandriam
826 2325 858 2354 c.
975 2322 1100 2367 iussis]
1127 2322 1183 2355 ius
1210 2325 1235 2354 P
1263 2334 1304 2356 111.
1321 2333 1379 2365 pr.

104 2367 230 2401 orbem
256 2367 372 2402 futuri
397 2369 492 2402 muri
519 2369 722 2404 Bentleius:
750 2368 879 2402 urbem
906 2369 1022 2404 futuri
1047 2369 1160 2404 muris
1188 2372 1226 2402 A.
