1610 2522
60 1070 90 1094 15

383 111 717 146 HISTORIARUM
744 111 1026 146 ALEXANDRI
1054 110 1130 153 VH,
1158 114 1188 144 8.
1375 110 1460 150 239

109 222 229 276 pisti,
280 220 446 276 Syriam
491 221 725 276 occupasti,
772 220 986 262 Persidem
1033 223 1168 274 tenes,
1212 219 1462 260 Bactrianos

109 281 239 322 habes
272 282 315 322 in
348 284 572 336 potestate,
605 279 732 322 Indos
765 281 928 334 petisti:
962 280 1045 321 iam
1073 279 1201 321 etiam
1230 279 1281 319 ad
1307 293 1462 333 pecora

108 343 255 381 nostra
300 356 446 382 avaras
491 343 531 382 et
576 340 839 381 insatiabiles
885 354 1035 381 manus
1080 339 1277 394 porrigis.
1353 337 1463 388 Quid

109 400 185 441 tibi
222 400 383 441 divitiis
417 415 522 454 opus
556 402 631 452 est,
665 414 772 453 quae
804 399 962 441 esurire
995 402 1036 440 te
1063 399 1250 453 cogunt?
1295 398 1462 439 Primus

111 460 301 501 omnium
329 461 523 501 satietate
550 460 708 513 parasti
734 458 900 513 famem,
932 461 992 512 ut,
1020 472 1103 513 quo
1130 460 1253 512 plura
1275 458 1464 511 haberes,

110 519 259 572 aerius,
305 534 411 574 quae
443 534 527 560 non
562 519 704 572 habes,
748 532 934 572 cuperes.
995 517 1097 559 Non
1129 518 1338 560 succurrit
1370 517 1464 571 tibi,

110 594 235 632 quam
274 579 345 620 diu
379 579 537 620 circum
571 578 724 619 Bactra
757 578 959 619 haereas?
1009 577 1122 618 Dum
1157 578 1254 619 illos
1288 577 1464 631 subigis,

111 638 314 692 Sogdiani
359 639 512 680 bellare
553 641 793 692 coeperunt.
863 637 1031 679 Bellum
1072 637 1149 678 tibi
1193 653 1244 678 ex
1286 636 1464 678 victoria

112 698 307 738 nascitur.
369 697 500 752 Nam,
545 701 592 738 ut
635 698 771 738 maior
814 698 1051 751 fortiorque
1096 698 1152 737 sis
1192 711 1319 751 quam
1354 697 1466 750 quis-

111 772 255 810 quam,
300 761 442 798 tamen
486 757 768 812 alienigenam
811 757 1031 798 dominum
1075 756 1164 811 pati
1202 771 1327 797 nemo
1361 757 1463 797 vult.

110 816 260 858 Transi
293 817 418 858 modo
452 817 631 858 Tanain:
665 815 789 869 scies,
835 831 960 871 quam
992 817 1077 857 late
1110 819 1301 870 pateant,
1346 830 1463 855 num-
1493 834 1500 840 -

111 891 237 929 quam
283 879 425 917 tamen
469 877 738 930 consequeris
785 875 975 930 Scythas.
1048 875 1281 929 Paupertas
1319 878 1465 916 nostra

112 936 295 977 velocior
340 936 419 977 erit
465 951 591 990 quam
637 935 847 976 exercitus
885 938 1002 988 tuus,
1048 936 1121 989 qui
1160 935 1358 989 praedam
1401 937 1466 974 tot

110 995 331 1036 nationum
369 995 496 1037 vehit.
561 995 741 1048 Rursus,
783 1010 877 1036 cum
912 996 1061 1049 procul
1094 995 1239 1035 abesse
1271 1009 1348 1035 nos
1384 1009 1466 1035 cre-

113 1054 194 1108 des,
228 1055 392 1096 videbis
424 1055 468 1096 in
499 1056 584 1096 tuis
618 1055 778 1096 castris.
834 1054 994 1096 Eadem
1028 1055 1140 1095 enim
1174 1054 1398 1096 velocitate
1426 1056 1467 1094 et

112 1114 330 1168 sequimur
374 1118 415 1155 et
456 1115 657 1170 fugimus.
722 1113 977 1169 Scytharum
1011 1114 1261 1155 solitudines
1297 1112 1466 1155 Graecis
1493 1124 1501 1138 ‘

111 1174 238 1214 etiam
270 1174 509 1227 proverbiis
542 1174 667 1216 audio
702 1174 832 1215 eludi:
865 1177 908 1214 at
939 1188 1016 1214 nos
1050 1174 1215 1214 deserta
1249 1176 1290 1214 et
1318 1173 1465 1214 huma-

110 1248 164 1274 no
205 1234 320 1274 cultu
354 1248 486 1275 vacua
517 1234 652 1289 magis
687 1248 813 1288 quam
847 1233 972 1274 urbes
1005 1236 1046 1274 et
1080 1235 1306 1287 opulentos
1341 1248 1465 1287 agros

112 1293 340 1347 sequimur.
417 1293 600 1335 Proinde
645 1295 857 1334 fortunam
905 1296 1022 1334 tuam
1069 1293 1224 1347 pressis
1269 1292 1466 1333 manibus

60 1369 74 1392 ·.›
114 1355 226 1393 tene:
269 1352 434 1394 lubrica
478 1356 541 1394 est
585 1367 663 1395 nec
707 1352 841 1394 invita
885 1353 1019 1394 teneri
1065 1355 1217 1406 potest.
1289 1351 1466 1393 Salubre

114 1412 336 1453 consilium
370 1427 549 1467 sequens
583 1427 709 1466 quam
744 1426 942 1466 praesens
975 1415 1144 1466 tempus
1172 1412 1357 1452 ostendit
1385 1427 1465 1453 me-

113 1472 206 1512 lius,
256 1470 418 1525 Inpone
450 1472 644 1513 felicitati
676 1475 774 1512 tuae
800 1472 959 1513 frenos:
991 1472 1159 1513 facilius
1187 1472 1305 1513 illam
1335 1485 1466 1526 reges

114 1530 263 1571 Nostri
296 1531 386 1571 sine
418 1531 597 1586 pedibus
625 1531 772 1573 dicunt
798 1545 886 1572 esse
909 1530 1153 1584 Fortunam,
1187 1545 1293 1585 quae
1317 1545 1467 1572 manus
1494 1544 1502 1556 ⁶
1519 1542 1533 1569 ι’

115 1593 156 1630 ct
188 1591 339 1644 pinnas
372 1594 538 1632 tantum
571 1591 716 1632 habet:
757 1605 852 1632 cum
887 1605 1036 1631 manus
1070 1590 1269 1646 porrigit,
1314 1590 1467 1644 pinnas

62 1666 89 1689 -.›·
116 1664 284 1703 quoque
329 1650 633 1704 conprehende.
698 1650 907 1704 Denique,
947 1651 981 1691 si
1027 1650 1128 1691 deus
1174 1665 1217 1691 es
1225 1683 1235 1703 ,
1280 1650 1467 1691 tribuere

211 1760 227 1789 1
258 1755 417 1801 Syriam]
445 1755 571 1789 siriam
591 1760 625 1789 L.
727 1760 744 1788 2
773 1755 903 1801 etiam]
930 1755 1048 1789 eciam
1068 1759 1107 1789 R.
1206 1756 1357 1801 pecora]
1384 1766 1468 1799 pec-

116 1813 200 1836 cora
225 1807 263 1837 R.
351 1808 370 1835 3
398 1803 630 1837 insatiabiles
657 1804 867 1838 Acidali'us:
895 1803 1091 1837 instabiles
1118 1806 1193 1836 AR.
1282 1807 1303 1836 4
1331 1803 1467 1836 esurire

116 1851 168 1894 te}
190 1851 328 1884 esurire
350 1854 418 1885 CR.
494 1856 513 1883 ἴ)
542 1851 733 1896 satietate]
755 1851 935 1885 sacietate
955 1854 1028 1884 FV.
1113 1850 1266 1896 famem]
1286 1850 1410 1884 famen
1426 1854 1466 1883 R.

116 1901 135 1931 8
166 1897 318 1943 bellare]
345 1898 525 1932 rebellare
552 1902 590 1932 R.
679 1899 896 1944 coeperunt]
924 1900 1125 1942 caeperunt
1149 1902 1225 1932 RV.
1310 1902 1352 1932 10
1379 1897 1468 1932 alie-

117 1944 305 1991 nigenam]
333 1946 610 1991 aligenigenam
631 1951 662 1979 C.
741 1950 781 1980 11
810 1946 955 1979 Tanain
981 1949 1059 1980 PR:
1087 1945 1229 1980 tanaim
1251 1950 1281 1980 c.
1359 1945 1467 1990 scies]

117 1993 235 2026 sciens
255 1997 289 2027 P.
354 1995 509 2037 pateant
531 1994 700 2028 Medius:
722 1995 851 2038 pateat
870 1997 945 2027 AR.
1016 1998 1056 2027 12
1079 1993 1252 2039 Scythas]
1274 1993 1412 2027 scithas
1428 1996 1466 2026 R.

118 2044 159 2073 13
188 2040 362 2085 velocior]
389 2041 549 2075 uelotior
574 2045 613 2075 V.
715 2046 757 2075 14
789 2041 999 2087 nationum]
1033 2041 1228 2075 notionum
1254 2044 1293 2074 R.
1394 2051 1469 2075 cre-

117 2088 180 2121 des
197 2092 234 2121 G:
263 2088 382 2122 credis
402 2092 474 2123 PR.
553 2093 594 2122 15
614 2089 830 2134 velocitate]
851 2088 1056 2123 uolocitate
1075 2092 1101 2121 P
1120 2100 1165 2123 m.
1181 2100 1239 2132 pr.
1318 2092 1360 2122 16
1382 2088 1469 2132 Scy-

117 2134 280 2181 tharum]
302 2138 487 2179 scytarum
508 2141 543 2170 P.
645 2140 685 2170 17
713 2136 936 2181 proverbiis]
964 2136 1161 2180 prouerbia
1181 2139 1256 2169 PR.
1349 2135 1467 2170 eludi:

118 2184 157 2216 at
182 2186 264 2217 RV:
292 2183 392 2217 eludi
419 2184 465 2217 ad
492 2188 528 2226 P,
555 2184 683 2218 eludat
702 2187 796 2217 BFL
815 2196 860 2218 m.
877 2196 935 2228 pr.
1043 2183 1222 2229 humano]
1250 2183 1411 2217 humana
1432 2187 1467 2217 P.

122 2233 160 2262 18
177 2230 388 2276 opulentos]
403 2231 597 2275 epulentos
611 2235 651 2265 R.
728 2235 770 2265 19
785 2231 973 2276 manibus]
988 2243 1100 2264 manu
1114 2235 1139 2264 P
1161 2243 1204 2265 m.
1216 2243 1273 2274 pr.
1350 2234 1393 2264 ’20
1415 2230 1469 2264 lu-

118 2277 235 2322 brica]
262 2277 446 2313 lubricata
472 2282 510 2312 V.
634 2282 676 2312 21
705 2280 829 2323 quam]
859 2280 897 2313 in
919 2281 977 2311 BL
999 2279 1084 2312 add.
1108 2280 1149 2313 in
1171 2280 1332 2323 margine
1359 2279 1467 2321 quod.

119 2329 161 2357 22
189 2336 293 2369 reges
328 2329 360 2359 I:
400 2326 497 2370 regis
527 2329 602 2360 AR.
726 2330 770 2360 24
804 2326 953 2370 pinnas]
987 2336 1128 2369 pennas
1163 2329 1202 2359 R.
1319 2325 1468 2370 pinnas]

119 2382 258 2415 pennas
285 2375 324 2406 R.
415 2377 458 2406 25
486 2373 743 2418 comprehende
770 2374 931 2417 Ieepius:
959 2373 1258 2417 conprehendere
1286 2376 1360 2406 AR.

1490 349 1533 380 20

1491 528 1532 557 21

1495 826 1511 855 Ιυ

1517 826 1534 854 10
