1610 2522
351 105 677 139 IrllsTonlAuuM
710 105 986 139 ALEXANDRI
1016 106 1092 147 llll,
1126 110 1175 139 13.
1383 106 1437 145 99

91 231 139 255 ex
180 214 427 257 custodibus
468 215 656 269 corporis
697 214 853 256 intrare
886 214 1202 256 tabernaculum
1245 214 1438 256 audebat.

91 275 148 316 Et
182 275 262 316 iam
301 276 469 328 tempus
509 274 712 327 instabat,
751 289 827 315 1166
865 274 987 315 miles
1020 273 1184 315 iniussu
1218 274 1334 315 ducis
1367 278 1440 315 aut

91 350 206 375 arma
233 349 381 389 capere
408 336 575 388 poterat
601 337 675 375 aut
702 335 743 374 in
771 334 940 375 ordines
967 334 1037 374 ire.
1101 333 1186 375 Diu
1214 333 1439 375 Parmenio
1469 350 1476 362 ε

91 397 324 447 cunctatus,
351 394 491 435 cibum
520 397 566 435 ut
587 397 796 448 caperent,
824 395 914 448 ipse
942 394 1202 447 pronuntiat.
1266 393 1440 448 Iamque

54 474 68 498 5
90 454 202 495 exire
243 468 411 495 necesse
457 457 563 495 erat:
605 457 705 495 tunc
747 454 915 495 demum
954 454 1085 494 intrat
1117 453 1439 495 tabernaculum

91 513 343 568 saepiusque
369 514 540 555 nomine
568 513 867 568 conpellatum‚
902 528 996 554 cum
1029 527 1133 554 voce
1166 528 1252 554 non
1284 517 1440 567 posset,

91 576 205 614 tactu
246 573 457 614 excit-avit.
522 573 674 614 ‘Multa
712 573 814 622 lux’,
856 573 1009 627 inquit,
1051 573 1148 614 ‘estz
1186 573 1439 616 instructam

89 633 222 674 aciem
255 632 389 673 hostis
429 633 634 686 admovit⁷
682 636 780 674 tuus
820 632 941 673 miles
981 632 1118 673 adhuc
1150 632 1325 674 inermis
1374 648 1441 674 ex*

89 695 229 746 pectat
257 692 494 746 imperium.
556 692 641 734 Ubi
670 695 732 733 est
759 692 881 748 vigor
907 692 977 733 ille
1006 691 1137 733 animi
1163 692 1256 733 tui‘?
1288 707 1441 747 nempe

37 773 69 797 10
89 752 273 792 excitare
306 751 458 806 vigiles
492 752 630 793 soles’.
694 752 760 792 Ad
794 752 896 794 haec
929 751 1187 793 Alexander:
1223 751 1441 793 ‘Credisne
1468 768 1500 780 ⁶·

90 826 156 852 me
194 811 312 865 prius
345 826 541 853 somnum
575 827 723 866 capere
755 812 963 866 potuisse,
1006 826 1133 865 quam
1167 826 1438 853 exonerarem

89 871 277 912 animum
313 871 618 925 sollicitudine,
658 887 764 925 quae
804 871 989 926 quietem
1028 872 1319 913 morabatur?
1359 873 1441 928 sig-

88 945 275 984 numque
315 945 482 986 pugnae
522 931 624 972 tuba
667 931 756 972 dari
796 931 930 972 iussit.
993 930 1051 972 Et
1084 947 1179 973 cum
1218 931 1263 972 in
1295 932 1439 973 eadem

89 990 369 1031 admiratione
410 990 632 1032 Parmenio
672 994 977 1045 perseveraret,
1017 991 1132 1045 quod
1171 991 1359 1032 solutum
1400 1007 1442 1032 se

36 1071 66 1096 1⁵
89 1050 200 1091 curis
235 1064 431 1091 somnum
465 1051 625 1104 cepisse
659 1051 852 1092 dixisset:
895 1050 1115 1105 ‘Minime',
1154 1052 1312 1106 inquit,
1353 1052 1444 1093 ‘mi-

87 1124 182 1150 rum
216 1112 294 1150 est:
335 1124 413 1165 ego
448 1111 577 1161 enim,
613 1126 707 1152 cum
742 1110 905 1151 Dareus
938 1113 1094 1152 terram
1129 1114 1288 1164 ureret,
1327 1112 1442 1153 vicos

89 1169 344 1222 excinderet‚
400 1169 604 1211 alimenta
654 1173 964 1224 corrumperet,
1015 1173 1166 1225 potens
1224 1171 1307 1212 mei
1358 1186 1444 1212 non

89 1244 220 1271 eram:
262 1243 375 1270 nunc
415 1244 515 1271 vero
559 1230 661 1284 quid
704 1233 909 1284 metuam,
952 1246 1045 1271 cum
1091 1230 1179 1271 acie
1220 1231 1478 1273 decernere·

89 1289 238 1342 paret‘?
286 1288 482 1343 Hercule7
508 1292 657 1331 votum
684 1305 824 1331 meum
850 1290 1040 1344 inplevit.
1090 1290 1172 1331 Sed
1193 1290 1319 1332 huius
1347 1306 1441 1332 con-

36 1369 68 1393 -20
89 1347 173 1389 silii
195 1351 342 1402 postea
364 1363 533 1403 quoque
553 1350 662 1390 ratio
689 1350 906 1391 reddetur:
930 1365 1006 1391 vos
1028 1350 1085 1391 ite
1107 1350 1159 1391 ad
1175 1351 1331 1404 copias,
1353 1351 1443 1404 qui-

92 1409 166 1449 bus
197 1409 376 1462 quisque
402 1411 581 1462 praeest,
608 1424 686 1464 ego
713 1410 797 1450 iam
825 1409 950 1450 adero
978 1412 1030 1463 et,
1067 1409 1169 1463 quid
1190 1410 1282 1451 fieri
1302 1410 1444 1464 velim,

88 1467 326 1521 exponam’.
381 1468 493 1509 Raro
521 1469 763 1521 admodum,
796 1468 1017 1510 admonitu
1044 1470 1181 1525 magis
1208 1470 1444 1511 amicorum
1472 1486 1479 1497 ⁶

90 1542 217 1581 quam
249 1530 365 1568 metu
411 1528 666 1569 discriminis
712 1528 912 1582 adeundi,
949 1528 1123 1570 thorace
1160 1530 1222 1570 uti
1263 1529 1444 1571 solebat:

89 1590 191 1628 tunc
229 1586 377 1641 utique
410 1588 676 1629 munimento
716 1589 905 1642 corporis
945 1592 1116 1643 sumpto
1152 1590 1360 1643 processit
1393 1589 1443 1630 ad

35 1666 68 1691 25
90 1645 259 1687 milites,
317 1645 444 1687 Haud
470 1646 573 1687 alias
599 1650 687 1688 tam
715 1647 896 1689 alacrem
925 1648 1119 1689 viderant
1145 1663 1289 1704 regem
1324 1652 1366 1690 et
1397 1663 1446 1691 ex

88 1705 211 1746 vultu
238 1706 328 1746 eius
350 1707 544 1748 interrito
573 1710 728 1748 certam
751 1722 869 1761 spem
891 1708 1093 1749 victoriae
1114 1710 1444 1764 augurabantur.

19 1771 69 1807 50
179 1764 322 1819 Atque
355 1766 427 1807 ille
460 1770 636 1820 proruto
675 1767 788 1808 vallo
822 1767 936 1808 exire
969 1768 1112 1821 copias
1145 1768 1263 1809 iubet
1296 1769 1445 1809 aciem-
1473 1784 1481 1795 ⁴
1507 1782 1514 1790 ·

91 1839 170 1878 que
214 1825 412 1878 disponit.
488 1825 536 1866 In
585 1826 733 1868 dextro
777 1842 908 1868 cornu
956 1827 1086 1868 locati
1128 1832 1227 1869 sunt
1269 1829 1446 1882 equites,

92 1899 199 1938 quos
239 1899 388 1940 agema
421 1885 711 1939 appellabant:
746 1889 938 1940 praeerat
970 1887 1037 1927 his
1072 1887 1220 1942 Clitus,
1254 1889 1322 1928 cui
1355 1888 1446 1929 iun-

185 1994 204 2023 3
233 1991 312 2036 aut]
339 1991 439 2024 haud
465 1995 490 2024 P
515 2004 557 2025 m.
574 2003 632 2035 pr.
781 1995 800 2025 4
828 1992 966 2037 cibum]
1003 1992 1137 2036 cybum
1164 1996 1189 2025 Β
1219 2005 1261 2027 m.
1284 2005 1343 2037 pr.
1372 1997 1444 2027 LV.

90 2042 110 2071 S
141 2038 305 2084 inermis]
342 2038 518 2072 inhermis
545 2042 580 2072 P.
730 2043 771 2072 10
809 2039 983 2074 Credisne
1020 2041 1160 2074 Laeter:
1198 2041 1373 2075 credesne
1406 2045 1445 2075 A.

93 2091 132 2119 11
170 2086 352 2131 potuisse]
388 2087 573 2130 potuisset
598 2090 623 2119 L
661 2099 702 2121 m.
726 2099 783 2131 pr.
922 2092 964 2121 14
1003 2090 1256 2132 perseveraret
1285 2089 1444 2123 Gz'u'nta:

91 2133 329 2167 adseueraret
354 2137 393 2167 A.
479 2138 521 2167 15
550 2134 690 2178 cepisse
716 2139 748 2168 1:
778 2135 942 2179 coepisse
969 2138 1008 2169 A.
1091 2136 1228 2181 inquit]
1257 2136 1387 2180 inquid
1408 2141 1445 2170 F.

92 2185 134 2214 22
168 2181 264 2215 Raro
292 2182 432 2216 Lauer:
468 2182 564 2216 ratio
597 2185 635 2215 A.
782 2183 900 2226 magis
934 2183 1223 2218 Freinshemius:
1261 2195 1375 2229 agens
1405 2188 1444 2218 A.

92 2232 135 2261 23
163 2228 335 2270 adeundi,
362 2229 514 2263 thorace
535 2230 746 2273 Zmnptius:
774 2230 986 2263 adeundum
1008 2232 1087 2265 erat
1107 2234 1146 2264 A.
1246 2235 1289 2264 24
1315 2231 1445 2276 utique

95 2276 344 2311 Eberhardzcs:
374 2288 519 2320 quoque
547 2280 584 2310 A.
663 2277 909 2323 munimento]
937 2278 1164 2313 monimento
1186 2283 1222 2313 F.
1299 2284 1342 2313 25
1369 2279 1444 2313 ala-

93 2335 189 2357 crem
215 2327 248 2356 1:
282 2323 422 2358 alacres
449 2328 486 2357 A.
629 2327 665 2358 et
697 2337 746 2359 ca:
773 2326 983 2360 Acidcdius:
1012 2327 1048 2360 et
1074 2329 1112 2359 A.
1237 2330 1280 2360 29
1314 2338 1446 2371 agema

93 2371 312 2406 Frobenz'us:
341 2372 464 2416 agima
490 2375 529 2405 A.
628 2372 760 2418 Clitus]
788 2373 882 2407 citus
910 2377 946 2406 F.

1468 588 1509 617 21

1471 768 1487 795 Ιν

1496 768 1511 795 1..

1470 1005 1514 1035 ‘23
