1610 2522
63 743 95 768 10

63 1040 96 1065 15

63 1338 97 1363 20

405 82 738 118 HISTORIARUM
764 82 1047 117 ALEXANDRI
1073 83 1115 124 V,
1146 88 1174 117 1.
1382 85 1464 125 113

205 192 419 246 Ceterum,
457 207 541 246 quo
582 193 721 233 minus
762 192 963 233 damnum
1003 193 1196 246 sentiret,
1235 192 1464 234 identidem

116 253 376 294 incremento
396 252 691 293 renovabatur.
753 250 950 304 Namque
970 250 1179 306 Amyntas
1201 251 1463 294 Andromeni

116 311 168 352 ab
210 310 437 366 Antipatro
480 310 759 353 Macedonum
803 311 993 365 peditum
1038 323 1081 351 Vl
1122 311 1240 352 milia
1279 311 1466 365 adduxit,

116 383 145 412 D
192 373 408 425 praeterea
451 371 637 412 eiusdem
691 371 855 425 generis
907 371 1089 425 equites,
1141 385 1236 411 cum
1288 371 1354 411 his
1405 383 1465 412 Dc

115 430 299 472 Thracas
333 430 544 471 adiunctis
577 430 791 484 peditibus
826 444 924 470 suae
958 430 1096 485 gentis
1130 442 1180 470 ΙΙΙ
1214 430 1389 472 milibus
1422 443 1466 484 D,

115 493 155 531 et
200 505 251 531 ex
289 489 585 544 Peloponneso
626 490 937 531 mercennarius
984 489 1104 530 miles
1151 490 1203 530 ad
1240 501 1309 530 1111
1349 491 1465 531 milia

115 549 340 590 advenerat
390 563 487 590 cum
538 549 736 590 trecentis
789 550 1007 604 octoginta
1049 549 1277 603 equitibus.
1348 549 1465 591 Idem

115 608 324 663 Amyntas
367 609 598 650 adduxerat
640 620 666 648 L
708 609 951 662 principum
995 608 1267 650 Macedoniae
1308 609 1466 651 liberos

115 668 283 709 adultos
325 668 378 709 ad
420 669 658 710 custodiam
700 668 900 722 corporis.
966 666 1133 722 Quippe
1172 668 1282 709 inter
1320 670 1467 723 epulas

115 727 160 768 hi
205 732 303 768 sunt
346 729 518 783 regibus
562 728 748 768 ministri
792 727 989 780 idemque
1037 742 1169 781 equos
1221 728 1466 769 ineuntibus

115 786 325 841 proelium
359 788 586 828 admovent
616 789 904 840 venantesque
938 787 1197 828 comitantur
1229 790 1271 828 et
1302 788 1468 843 vigilia-

115 861 209 887 rum
248 848 359 888 vices
399 849 495 888 aute
534 846 720 887 cubiculi
757 846 869 887 fores
910 849 1095 887 servant:
1128 861 1468 902 magnorumque

116 906 426 960 praefectorum
467 909 508 947 et
546 906 701 947 ducum
738 905 842 946 haec
880 906 1139 946 incrementa
1178 910 1278 947 sunt
1322 910 1362 948 et
1400 923 1467 948 ru-

117 965 312 1006 dimenta.

204 1023 343 1080 Igitur
373 1039 448 1066 rex
475 1025 559 1066 arci
586 1024 807 1078 Babylone
833 1023 1061 1079 Agathone
1088 1026 1326 1079 praesidere
1352 1026 1466 1068 iusso

117 1099 210 1126 cum
270 1084 552 1139 septingentis
602 1083 886 1125 Macedonum
942 1084 1226 1138 trecentisque
1277 1086 1467 1127 mercede

116 1144 336 1186 conductis
364 1147 591 1198 praetores,
625 1144 698 1197 qui
728 1143 895 1199 regioni
923 1143 1186 1197 Babyloniae
1219 1159 1266 1185 ac
1295 1143 1468 1187 Ciliciae

116 1206 371 1258 praeessent,
403 1203 573 1244 Meneta
598 1206 640 1244 et
666 1201 980 1257 Apollodorum
1007 1202 1222 1257 relinquit.
1286 1216 1318 1244 [Ι
1351 1205 1468 1246 milia

116 1262 182 1303 his
221 1263 407 1304 militum
441 1277 537 1304 cum
569 1262 686 1303 mille
721 1263 891 1303 talentis
925 1262 1037 1303 data:
1070 1263 1239 1317 utrique
1274 1278 1468 1318 praecep-

116 1325 221 1375 tum⁷
262 1325 309 1363 ut
341 1323 385 1363 in
417 1323 761 1376 supplementum
797 1321 953 1363 milites
986 1322 1186 1377 legerent.
1249 1322 1467 1365 Mazaeum

117 1382 380 1437 transfugam
408 1384 600 1435 satrapea
626 1381 846 1436 Babylone
874 1381 1014 1434 donat,
1042 1381 1362 1437 Bagophanem,
1395 1384 1468 1436 qui

117 1455 255 1482 arcem
298 1441 546 1494 tradiderat,
587 1456 630 1482 se
673 1442 792 1494 sequi
833 1441 975 1495 iussit,
1017 1441 1220 1483 Armenia
1252 1441 1469 1495 Mithreni,

118 1499 314 1542 Sardium
354 1500 580 1554 proditori,
620 1501 716 1541 data
749 1503 822 1541 est.
885 1500 951 1543 Ex
990 1501 1170 1554 pecunia
1209 1501 1360 1543 deinde
1391 1501 1467 1543 Ba-

216 1635 231 1663 1
255 1629 407 1664 sentiret
430 1629 598 1663 Modius:
621 1629 802 1663 sentirent
815 1633 853 1662 A.
930 1633 949 1662 '2
970 1630 1167 1675 Amyntas]
1183 1630 1343 1664 amintas
1365 1635 1396 1664 G.

117 1677 344 1711 Andromeni
370 1681 402 1709 1:
431 1676 671 1710 andromoeni
697 1680 736 1710 A.
854 1680 874 1710 4
901 1689 947 1710 Dc
972 1681 1005 1711 1:
1034 1681 1078 1710 BE
1099 1681 1138 1711 A.
1251 1682 1270 1711 ὃ
1306 1677 1469 1712 Thracas

118 1725 252 1759 Aldus:
279 1724 427 1759 trachas
448 1727 486 1758 A.
585 1724 723 1769 gentis]
749 1726 879 1768 gentes
904 1728 930 1757 P
953 1737 993 1758 m.
1010 1736 1068 1768 μ’,
1169 1728 1188 1757 6
1215 1725 1469 1769 Peloponneso

118 1773 290 1807 Zarotus:
312 1771 564 1816 peloponenso
585 1775 622 1805 A.
699 1775 719 1805 8
739 1772 936 1817 Amyntas]
958 1772 1117 1805 amintas
1135 1777 1166 1806 C.
1242 1772 1469 1818 principum]

117 1820 342 1864 principium
368 1823 393 1852 L
421 1831 464 1853 m.
487 1830 545 1863 pr.
572 1823 597 1852 P
623 1831 666 1853 m.
689 1831 748 1863 pr.
874 1823 915 1853 10
948 1820 1099 1863 regibus
1134 1821 1256 1865 Voyel:
1296 1821 1394 1865 regis
1430 1824 1468 1855 A.

120 1872 160 1901 15
177 1867 268 1912 arci]
284 1870 437 1908 *arca-P,
451 1866 635 1900 archiFV.
694 1866 900 1912 Babylone]
912 1867 1086 1901 babilone
1098 1871 1134 1909 F,
1147 1867 1347 1911 babyllone
1358 1871 1397 1901 V.

117 1914 311 1959 Agathone
338 1918 370 1947 1:
405 1916 564 1958 agatone
591 1914 631 1947 A.
744 1915 955 1958 praesidere
982 1915 1080 1948 iusso
1107 1919 1140 1948 1:
1173 1915 1363 1959 praesides
1391 1916 1469 1949 eius·

118 1973 156 1996 so
182 1966 208 1995 P
228 1974 272 1996 vm.
294 1974 365 2005 Ρη,
397 1961 569 2005 praeside
602 1961 679 1995 eius
712 1962 811 1995 iusso
838 1965 882 1997 V.
915 1962 1087 2006 praeside
1123 1973 1202 1997 esse
1233 1963 1332 1996 iusso
1366 1966 1469 1996 BFL.

120 2013 161 2044 18
188 2009 417 2054 praeessent]
449 2012 689 2053 p1·ae*essent
714 2013 756 2051 P,
789 2011 830 2043 nt
863 2011 903 2043 rin
934 2022 1023 2046 rras..
1059 2021 1077 2044 c
1109 2022 1198 2044 eras.
1322 2010 1469 2044 Meneta

117 2058 261 2101 scripsi:
287 2058 475 2090 manetam
501 2059 540 2090 A.
638 2056 921 2102 Apollodorum]
955 2056 1170 2101 apollodoro
1196 2061 1303 2099 BEV,
1331 2057 1471 2101 apollo-

119 2104 208 2138 dora
234 2108 269 2138 L.
394 2107 434 2137 19
463 2104 520 2138 his
546 2104 708 2138 militum
734 2108 766 2138 1:
800 2104 831 2137 is
858 2104 1020 2138 militum
1046 2108 1074 2137 A
1107 2105 1318 2150 [similitum
1345 2105 1398 2150 B]

118 2151 219 2185 mille
247 2155 280 2185 1:
317 2164 345 2184 σο
379 2154 438 2184 BF
459 2163 560 2193 corin,
580 2162 626 2190 ω’
645 2155 687 2193 Ρ,
715 2164 780 2186 nm.
802 2155 828 2185 F
850 2164 892 2186 m.
908 2164 966 2196 pr.
988 2156 1060 2186 LV.
1190 2153 1278 2186 data
1304 2156 1330 2185 F
1350 2164 1394 2187 m.
1410 2164 1469 2196 pr.

119 2202 144 2231 P
166 2211 208 2233 m.
225 2210 300 2243 piu:
329 2199 393 2232 dat
416 2201 523 2233 BLV.
599 2203 643 2233 20
670 2199 860 2233 Mazaeum
882 2200 1018 2235 Aldus:
1047 2211 1214 2233 mazeum
1233 2204 1272 2234 A.
1349 2204 1391 2234 21
1414 2211 1469 2234 sa-

118 2248 247 2289 trapea
275 2246 505 2280 Vinclelinus:
534 2249 680 2291 satrape
702 2250 731 2279 A
759 2248 927 2291 [satoape
953 2247 1009 2292 V].
1133 2247 1337 2292 Babylone]
1365 2247 1471 2281 babi-

119 2292 203 2327 lone
229 2296 265 2326 L.
370 2297 412 2326 22
440 2304 478 2328 se
505 2305 570 2328 mn.
591 2298 616 2327 P
636 2306 680 2328 m.
697 2307 755 2338 pr.
877 2295 1053 2328 Armenia
1079 2299 1121 2328 P:
1150 2295 1338 2328 armoenia
1365 2299 1398 2329 C.

119 2339 310 2385 Mithreni]
332 2340 526 2375 mithrenis
541 2344 566 2374 B
584 2353 694 2385 impr.
770 2345 812 2375 23
834 2341 1025 2385 Babylone
1049 2343 1169 2387 l'oyel:
1191 2341 1415 2385 babyloniae
1431 2345 1458 2374 A

194 2406 331 2431 crnrms
353 2406 459 2431 Rcrrs
480 2407 524 2431 ed,
546 2407 726 2431 Hedicke
766 2408 821 2431 Ed.
844 2408 947 2432 maior.
1237 2406 1256 2433 ὅ

1493 265 1537 293 40

1494 384 1535 413 41

1494 562 1537 592 42

1495 1036 1538 1066 43

1496 1334 1540 1363 44

1496 1511 1539 1541 45
