1610 2522
87 268 127 298 19

85 445 129 476 2Ο

85 623 127 653 21

84 1156 128 1188 23

84 1453 128 1484 24

83 1632 127 1663 25

158 88 243 130 372
659 88 699 130 Q.
727 88 870 124 CURTI
897 89 1010 124 RUFI

155 199 395 253 proximam
440 198 657 253 regionem
703 198 754 240 ab
800 214 864 250 ea,
913 198 1063 239 deinde
1109 213 1305 254 magnam
1351 202 1515 253 partem

155 256 282 298 Asiae
322 257 380 298 cis
413 257 664 311 Euphraten
702 258 809 299 tanti
852 257 954 298 mali
985 257 1099 298 fama
1130 262 1383 312 pervaserat.
1448 258 1514 300 Ad

156 316 282 358 Darei
329 331 498 371 quoque
545 320 722 358 matrem
767 317 960 358 celeriter
1004 317 1166 370 perlata
1204 320 1284 358 est:
1329 317 1516 359 abscissa

156 390 256 431 ergo
292 379 422 429 veste,
456 390 581 430 quam
615 376 764 417 induta
797 378 905 429 erat,
936 376 1161 431 lugubrem
1195 377 1378 430 sumpsit
1408 376 1514 418 lace-

156 435 344 489 ratisque
386 434 574 476 crinibus
616 434 733 476 humi
776 449 928 490 corpus
971 435 1136 477 abiecit.
1206 434 1440 477 Adsidebat
1477 437 1516 478 ei

156 495 290 535 altera
324 509 374 536 ex
406 495 608 548 neptibus
643 509 777 548 nuper
809 495 1008 536 amissum
1043 494 1416 549 Hephaestionem,
1447 496 1515 537 cui

155 556 374 608 nupserat,
419 555 571 609 lugens
616 555 894 608 propriasque
940 568 1085 595 causas
1126 554 1283 595 doloris
1328 555 1370 596 in
1403 568 1514 595 com-

155 613 273 653 muni
308 614 520 654 maestitia
551 613 819 655 retractabat.
872 612 956 654 Sed
984 615 1175 655 omnium
1203 628 1375 655 suorum
1406 614 1516 655 mala

155 670 407 727 Sisigambis
440 687 523 713 una
556 672 764 726 capiebat:
799 673 872 714 illa
898 687 1028 726 suam,
1060 673 1135 714 illa
1160 673 1351 727 neptium
1381 674 1514 714 vicem

154 732 293 772 flebat.
340 731 503 773 Recens
532 732 653 773 dolor
679 732 806 773 etiam
835 733 1065 786 praeterita
1090 735 1373 774 revocaverat.
1420 731 1515 773 Cre-

155 791 274 832 deres
313 791 440 832 modo
480 791 683 832 amissum
720 791 901 833 Dareum
938 795 979 832 et
1011 793 1170 845 pariter
1202 792 1381 833 miserae
1413 791 1514 833 duo-

154 865 247 891 rum
292 851 479 891 filiorum
525 852 724 905 exequias
769 866 860 892 esse
905 850 1127 892 ducendas.
1197 850 1347 892 Flebat
1388 851 1516 892 simul

84 926 92 934 ·
154 912 346 951 mortuos
372 911 587 964 vivosque.
640 910 774 960 Quem
800 910 912 952 enim
938 912 1176 964 puellarum
1205 914 1397 952 acturum
1424 924 1514 952 esse

155 969 328 1011 curam?
361 984 485 1023 quem
521 969 651 1010 alium
677 969 869 1011 futurum
892 969 1210 1011 Alexandrum?
1244 970 1397 1011 iterum
1424 984 1514 1011 esse

154 1043 197 1069 se
225 1031 384 1083 captas,
417 1029 570 1070 iterum
597 1029 805 1071 excidisse
832 1043 1023 1084 regnum.
1076 1028 1157 1078 Qui
1185 1031 1354 1071 mortuo
1376 1028 1512 1070 Dareo

155 1087 270 1142 ipsas
304 1091 504 1142 tueretur,
537 1090 786 1142 repperisse,
826 1089 897 1142 qui
932 1091 1030 1142 post
1063 1086 1516 1143 Alexandrum‘respi-

155 1150 285 1200 ceret,
323 1148 471 1202 utique
504 1162 589 1188 non
621 1151 874 1202 reperturas.
938 1147 1120 1189 Subibat
1152 1148 1262 1189 inter
1294 1148 1395 1189 haec
1427 1148 1516 1188 ani-

156 1213 272 1248 mum
301 1218 428 1248 LXXX
456 1207 606 1248 fratres
634 1222 733 1249 suos
761 1207 907 1248 eodem
935 1207 1001 1248 die
1028 1207 1079 1248 ab
1102 1206 1232 1255 Ocho,
1266 1207 1513 1248 saevissimo

153 1281 321 1321 regum,
365 1266 599 1307 trucidatos
632 1267 928 1320 adiectumque
962 1266 1092 1321 stragi
1126 1269 1191 1307 tot
1223 1266 1410 1307 filiorum
1443 1280 1512 1320 pa-

155 1328 276 1378 trem,
309 1340 330 1367 e
365 1329 526 1380 septem
559 1325 716 1379 liberis,
750 1340 856 1380 quos
889 1327 1106 1382 genuisset
1139 1326 1242 1380 ipsa,
1282 1340 1415 1366 unum
1449 1340 1513 1366 su-

153 1399 334 1439 peresse,
367 1385 508 1439 ipsum
535 1384 721 1427 Dareum
747 1385 942 1426 floruisse
970 1386 1196 1440 paulisper,
1229 1388 1276 1426 ut
1303 1385 1513 1426 crudelius

155 1448 301 1498 posset
339 1444 545 1500 extingui.
609 1444 675 1485 Ad
708 1444 907 1485 ultimum
948 1444 1083 1486 dolori
1123 1444 1349 1486 succubuit
1386 1444 1514 1485 obvo-

153 1504 331 1558 lutoque
361 1504 498 1558 capite
525 1503 755 1545 accidentis
782 1504 960 1559 genibus
988 1504 1074 1545 suis
1100 1507 1270 1558 neptem
1299 1507 1515 1558 nepotem-

155 1577 235 1616 que
278 1566 471 1605 aversata
516 1563 610 1605 cibo
655 1564 815 1617 pariter
853 1563 1063 1604 abstinuit
1101 1566 1141 1603 et
1174 1562 1277 1605 luce.
1341 1561 1514 1616 Quinto,

154 1624 383 1676 postquam
425 1623 534 1663 mori
577 1625 801 1677 statuerat,
845 1623 910 1663 die
948 1623 1135 1663 extincta
1173 1625 1247 1663 est.
1310 1622 1514 1678 Magnum

154 1681 346 1735 profecto
377 1681 607 1723 Alexandri
641 1682 930 1738 indulgentiae
962 1683 1005 1723 in
1039 1696 1130 1723 eam
1163 1682 1436 1735 iustitiaeque
1469 1682 1514 1722 in

155 1755 301 1781 omnes
330 1742 521 1795 captivos
549 1741 849 1783 documentum
878 1744 940 1782 est
967 1756 1081 1783 mors
1108 1740 1253 1782 huius:
1281 1755 1388 1795 quae
1417 1754 1513 1781 cum

155 1800 428 1841 sustinuisset
472 1804 570 1854 post
603 1800 788 1842 Dareum
834 1802 992 1854 vivere,
1038 1800 1278 1842 Alexandro
1318 1815 1409 1841 esse
1448 1814 1513 1841 su-

153 1862 317 1914 perstes
349 1860 529 1901 erubuit.

252 1968 271 1997 2
294 1964 525 2010 Euphraten]
540 1964 709 1998 eufraten
723 1968 758 1997 F.
844 1969 864 1998 3
887 1964 1066 2010 abscissa]
1089 1964 1233 1999 abscisa
1248 1968 1283 1997 P.
1359 1967 1380 1996 4
1400 1973 1512 2006 quam

155 2015 197 2045 P:
225 2024 299 2056 qua
326 2016 357 2045 C.
506 2016 524 2046 6
552 2011 726 2055 neptibus
755 2012 895 2046 Lauer:
929 2012 1128 2056 nepotibus
1155 2015 1194 2045 A.
1341 2009 1512 2054 Hephae—

156 2059 313 2093 stionem
343 2060 495 2103 Cospus:
524 2059 780 2103 ephestionem
807 2062 844 2092 A.
948 2062 968 2092 8
995 2059 1198 2105 maestitia]
1229 2057 1399 2092 mesticia
1424 2061 1463 2092 V.

155 2107 381 2141 retractabat
422 2107 715 2141 Freinshemius:
754 2106 1010 2140 retractabant
1047 2110 1086 2140 A.
1217 2109 1236 2139 9
1277 2104 1511 2151 Sisigambis]

156 2154 407 2197 sisimgambis
428 2158 463 2188 P.
566 2158 607 2187 14
628 2154 755 2199 quern]
777 2165 888 2197 quam
909 2158 941 2187 C.
1044 2158 1084 2188 15
1112 2153 1293 2187 excidisse
1314 2155 1339 2186 B
1363 2164 1407 2187 m.
1427 2163 1509 2188 sec:

157 2201 343 2235 excedisse
366 2205 403 2235 A.
496 2212 651 2246 regnum
671 2205 697 2234 P
718 2213 761 2235 m.
778 2213 854 2245 pru:
889 2211 1004 2245 regno
1032 2205 1087 2234 cP
1115 2212 1156 2234 m.
1177 2212 1241 2235 sec.
1343 2203 1384 2234 16
1412 2199 1511 2244 ipsas

156 2249 337 2295 tueretur]
365 2250 445 2293 ipsa
472 2250 684 2293 stuperetur
709 2252 744 2282 P.
860 2248 960 2294 post]
987 2247 1070 2292 plus
1098 2251 1129 2280 c.
1229 2251 1272 2282 22
1300 2247 1511 2293 succubuit]

158 2295 358 2330 subcubuit
396 2299 498 2330 BLP.
653 2300 695 2329 23
740 2296 1004 2341 nepotemque]
1049 2297 1274 2340 neptemque
1318 2297 1344 2328 B
1378 2307 1420 2328 m.
1452 2306 1508 2339 pr.

158 2347 201 2377 26
230 2343 428 2378 Alexandri
457 2348 498 2377 P:
528 2343 726 2377 alexandro
753 2348 785 2376 C.
884 2343 1141 2388 iustitiaeque]
1168 2342 1412 2386 iusticiaeque
1438 2345 1511 2375 LV.

1536 750 1569 775 10

1534 1045 1566 1072 1⁶

1534 1342 1567 1368 20

1534 1637 1567 1663 25
