1610 2522
39 768 74 793 10

41 1064 74 1090 15

41 1108 92 1144 24

43 1361 77 1386 20

44 1657 77 1682 25

46 1951 81 1978 ³0

378 103 712 138 HISTORLQRUM
739 103 1022 138 ALEXANDRI
1050 104 1109 146 VI,
1138 109 1168 138 6.
1370 106 1450 145 1ἶὸ

91 215 243 255 teriam
277 213 484 255 ceciderat
517 212 637 253 miles
671 212 833 253 aditum
867 227 941 266 per
973 227 1074 254 saxa
1104 214 1290 254 molitus.
1335 213 1449 254 Hae(-

92 288 250 328 vapore
277 272 437 313 torrida
459 272 630 313 flamma
650 275 826 313 arserat:
854 286 956 327 ergo
977 272 1123 327 adgeri
1145 273 1249 313 alias
1278 272 1450 313 arbores
1478 286 1520 314 29

92 334 211 374 iubet
245 336 285 373 et
318 332 407 386 igni
442 330 531 372 dari
564 331 777 386 alimenta,
817 331 1093 386 celeriterque
1127 331 1350 385 stipitibus
1384 346 1449 373 cu-

93 392 268 433 mulatis
306 391 525 446 fastigium
566 391 723 432 montis
763 393 992 444 aequatum
1035 394 1109 432 est.
1173 391 1293 433 Tunc
1332 392 1450 432 undi-
1479 403 1522 433 30

93 466 174 506 que
208 451 319 507 ignis
352 450 532 491 iniectus
572 453 723 492 cuncta
756 450 1074 504 conprehendit.
1137 450 1373 492 Flammam
1408 451 1450 491 in

93 525 166 552 ora
208 510 397 552 hostium
431 513 582 551 ventus
616 510 797 563 ferebat,
831 511 974 551 fumus
1008 510 1159 566 ingens
1204 510 1320 551 velut
1354 526 1453 565 qua-

93 571 189 611 dam
221 569 334 611 nube
367 569 643 610 ibseonderat
675 569 849 610 caelum.
902 568 1120 611 Sonabant
1154 569 1351 611 incendio
1384 570 1452 611 sil-
1481 582 1521 611 31

92 644 180 681 vae,
214 632 342 683 atque
375 644 422 669 ea
455 643 636 695 quoque,
669 644 775 682 quae
805 644 891 669 non
918 629 1163 670 incenderat
1190 629 1324 683 miles,
1357 644 1452 671 con-

94 664 216 743 cepto
250 688 348 744 igne
380 688 576 741 proxima
611 702 804 742 quaeque
837 688 1083 730 adurebant.
1140 664 1324 729 Barbari
1354 703 1452 743 sup-

92 748 319 803 plicioium
346 748 558 802 ultimum,
585 747 620 788 si
642 762 725 801 qua
744 748 1095 789 inteiwmoieietur
1115 749 1240 803 ignis,
1268 749 1452 804 effugere

93 808 378 861 temptabant,
418 807 508 861 sed,
556 821 639 860 qua
684 807 855 848 flamma
897 807 1068 848 dederat
1109 808 1270 861 10011111,
1314 807 1453 849 hostis

95 866 304 908 obstabat.
367 866 497 907 Varia
538 866 672 921 igitur
711 866 834 907 caede
873 867 1115 920 consumpti
1153 870 1270 908 sunt:
1305 867 1377 908 alii
1411 867 1454 907 111
1481 878 1524 908 3²2

95 926 257 967 medios
291 926 416 981 ignis,
452 924 523 967 alii
556 927 688 980 petris
721 926 1055 980 praecipitavere
1088 940 1143 979 se,
1176 926 1347 980 quidam
1381 926 1452 967 ho-

95 987 223 1027 stium
254 985 450 1026 manibus
478 985 739 1038 obtulerunt,
775 985 897 1039 pauci
931 986 1199 1027 semustulati
1230 1000 1381 1027 venere
1410 986 1454 1027 in

94 1048 362 1099 potestatem.

185 1104 297 1145 Hinc
330 1104 378 1144 ad
415 1103 655 1157 Craterum,
696 1104 768 1158 qui
801 1103 1014 1145 Artacana
1053 1105 1294 1158 obsidebat,
1333 1105 1453 1146 redit.
1481 1116 1526 1146 33

96 1163 173 1204 Ille
218 1163 416 1204 omnibus
461 1164 725 1218 praeparatis
767 1163 881 1219 regis
932 1164 1184 1219 expectabat
1225 1164 1453 1205 adventum

96 1225 243 1276 captae
276 1223 393 1264 urbis
426 1223 566 1275 titulo,
600 1222 710 1264 sicut
745 1238 822 1277 par
848 1226 948 1277 erat,
984 1223 1145 1265 cedens.
1198 1222 1338 1279 Igitur
1358 1222 1455 1264 Ale·
1482 1235 1527 1266 34

96 1282 257 1323 xander
288 1285 426 1323 turres
453 1282 669 1323 admoveri
696 1282 830 1324 iubet:
865 1283 1043 1337 ipsoque
1076 1285 1252 1337 aspectu
1286 1282 1455 1324 barbari

96 1341 233 1383 territi
267 1356 288 1382 e
320 1341 453 1382 muris
495 1341 669 1396 supinas
708 1357 858 1383 manus
904 1342 1125 1383 tendentes
1159 1357 1278 1384 orare
1311 1357 1454 1397 coepe-

97 1404 214 1442 runt:
260 1401 365 1442 iram
398 1401 441 1441 in
476 1399 799 1454 Satibarzanen,
842 1401 1093 1442 defectionis
1127 1404 1363 1455 auctorem,
1395 1417 1456 1443 re—

98 1463 300 1510 servaret,
343 1460 607 1514 supplicibus
641 1463 775 1501 semet
814 1460 1065 1502 dedentibus
1097 1464 1301 1515 parceret.
1364 1460 1456 1503 Rex

98 1519 195 1560 data
215 1520 338 1561 venia
369 1534 456 1560 non
489 1519 754 1560 obsidionem
787 1519 912 1561 modo
941 1519 1080 1575 solvit,
1113 1521 1184 1562 sed
1212 1520 1355 1562 omnia
1382 1536 1457 1562 sua

97 1579 249 1620 incolis
282 1578 476 1620 reddidit.

187 1637 255 1678 Ab
282 1637 362 1680 hac
388 1638 491 1678 urbe
519 1638 708 1693 digresso
736 1639 1079 1692 supplementum
1105 1654 1315 1681 novorum
1349 1639 1458 1679 mili·
1486 1650 1528 1679 35

99 1700 190 1738 tum
230 1698 430 1738 occurrit:
476 1697 621 1738 Zoilus
654 1710 685 1738 D
719 1700 882 1751 equites
921 1713 971 1739 ex
1006 1697 1182 1740 Graecia
1214 1699 1457 1743 adduxerat,

102 1768 151 1797 ΙΙΙ
184 1756 303 1797 1111113
330 1772 380 1797 ex
408 1755 581 1811 Illyrico
602 1756 831 1811 Antipater
856 1758 1044 1811 miserat,
1076 1757 1270 1799 Thessali
1292 1759 1456 1812 equites

101 1826 125 1855 C
159 1818 200 1856 et
239 1828 334 1856 XXX
373 1831 469 1857 cum
508 1816 711 1871 Philippo
752 1820 891 1871 erant,
936 1831 987 1858 ex
1019 1817 1156 1871 Lydia
1187 1829 1219 1857 11
1265 1817 1382 1858 milia
1416 1820 1457 1858 et

100 1876 292 1929 sescenti,
318 1877 566 1930 pelmeglinus
591 1875 726 1929 miles,
753 1851 1022 1930 adven'erant,
1057 1887 1140 1917 000
1167 1877 1331 1930 equites
1359 1891 1456 1931 gen

99 1934 156 2009 tis
190 1934 375 1975 eiusdem
408 1936 703 1988 sequebantur
749 1934 841 1976 Hac
872 1950 1002 1977 manu
1028 1936 1191 1977 adiecta
1210 1937 1299 1977 adet
1324 1935 1457 1976 Dran·
1484 1947 1527 1977 36

198 2032 215 2061 1
244 2008 405 2073 aditum]
426 2028 596 2061 additum
617 2032 641 2060 L
664 2040 706 2062 m.
723 2040 780 2072 pr.
803 2032 842 2062 V.
926 2033 944 2062 2
972 2028 1122 2062 flamma
1148 2030 1290 2062 arselat
1309 2029 1454 2072 scre'pst:

101 2074 177 2108 iam
203 2075 393 2109 inaruerat
412 2078 451 2108 A.
528 2079 547 2109 3
575 2075 655 2109 dari
676 2076 812 2110 Aldus:
842 2076 929 2109 dare
956 2078 994 2109 A.
1071 2080 1090 2110 8
1120 2076 1248 2121 atque]
1277 2076 1400 2120 adque
1420 2079 1455 2109 L.

105 2125 146 2156 13
174 2123 314 2157 medios
335 2126 367 2156 1:
395 2122 517 2156 medio
528 2079 577 2156 3A.
688 2123 787 2168 ignis
815 2127 852 2157 C:
879 2123 985 2168 ignes
1005 2127 1042 2157 P.
1155 2126 1198 2156 14
1224 2123 1336 2167 pauci
1364 2135 1457 2157 sem-

101 2169 259 2203 ustulati
278 2174 304 2203 P
325 2182 368 2204 111.
384 2182 460 2214 pn:
488 2171 617 2213 paucis
639 2170 889 2204 semiustulati
911 2174 943 2204 C.
1020 2174 1062 2204 26
1088 2170 1211 2205 Zoilus
1233 2171 1455 2205 Frobem'us:

103 2215 204 2250 zolus
230 2220 268 2251 A.
392 2216 562 2263 Graecia]
590 2218 711 2262 gretia
737 2221 805 2251 LP.
927 2221 968 2251 27
997 2218 1162 2264 illyrico]
1188 2218 1324 2252 illirico
1353 2223 1385 2251 c.

104 2262 288 2309 Thessali]
315 2265 441 2299 tessali
462 2269 498 2298 F.
575 2268 618 2298 28
646 2265 704 2310 ex]
732 2267 768 2298 et
794 2269 819 2298 P
838 2277 882 2299 m.
899 2277 957 2309 pr.
1034 2266 1151 2309 Lydia
1172 2270 1204 2299 1:
1232 2265 1324 2299 lidia
1344 2269 1384 2299 A.

104 2310 224 2356 milia]
251 2322 316 2345 om.
338 2315 372 2345 P.
496 2315 540 2346 29
568 2312 727 2345 sescenti
755 2316 794 2346 P:
829 2312 992 2346 sexcenti
1019 2317 1052 2346 C.
1170 2317 1213 2346 30
1240 2312 1336 2358 Hac]
1362 2313 1458 2346 hanc

104 2361 130 2390 P
152 2370 268 2402 nupt:
367 2359 463 2393 adit
490 2358 631 2393 addidi.
730 2359 899 2404 Drangas
927 2361 1150 2395 Frobewssus:
1179 2361 1334 2394 drancas
1362 2363 1399 2393 A.
