1610 2522
366 79 696 114 HISToRLARUM
728 80 1008 114 ALEXANDRI
1034 80 1112 123 ΠΗ,
1139 85 1170 115 8.
1194 86 1224 115 9.
1412 81 1457 121 71

117 191 259 231 derare
319 189 394 231 visi
454 189 784 244 inpetraverunt.
866 189 1134 244 Mytilenaeis
1192 205 1361 244 quoque
1412 190 1466 232 ob

117 250 329 306 egregiam
358 249 401 290 in
427 251 568 304 partes
595 248 720 290 fidem
749 251 791 289 et
817 250 1052 303 pecuniam,
1081 265 1208 304 quam
1235 250 1281 291 in
1307 249 1466 291 bellum

118 309 413 364 inpenderant,
450 308 633 350 reddidit
672 312 713 350 et
757 323 955 363 magnam
988 310 1205 364 regionem
1238 309 1465 350 finitimam

115 369 277 411 adiecit.
348 367 600 423 Cypriorum
639 383 808 422 quoque
847 369 1031 424 regibus,
1070 369 1142 422 qui
1181 372 1222 411 et
1261 384 1284 410 a
1326 368 1465 410 Dareo
1497 380 1536 410 14

80 446 94 470 5
116 429 355 470 defecerant
398 428 450 468 ad
490 428 630 481 ipsum
673 431 713 470 et
755 430 1022 483 oppugnanti
1060 428 1220 483 Tyrum
1264 428 1467 470 miserant

65 744 95 767 10

44 1027 93 1062 35

63 1101 92 1125 16

61 1338 94 1362 20

116 488 305 541 classem,
338 502 414 542 pro
448 489 599 528 merito
632 487 769 529 honos
802 487 973 529 habitus
1007 490 1081 529 est.

204 547 494 602 Amphoterus
535 547 696 594 deinde,
735 547 880 588 classis
912 549 1164 601 praefectus,
1203 547 1255 587 ad
1287 548 1465 589 liberan-
1496 559 1536 590 15

115 608 210 648 dam
247 606 414 648 Cretam
448 607 601 648 missus
634 632 691 636 ——
724 622 906 661 namque
940 610 981 648 et
1012 607 1236 648 Persarum
1270 610 1312 648 et
1344 607 1466 661 Spar-

115 670 310 709 tanorum
353 666 481 707 armis
513 666 715 720 pleraque
755 667 844 708 eius
877 667 1039 708 insulae
1073 667 1378 708 obsidebantur
1412 693 1465 696 -—

116 730 212 767 ante
246 727 387 768 omnia
414 741 527 767 mare
561 741 584 767 a
616 726 806 780 piraticis
834 726 1040 768 classibus
1067 726 1281 769 vindicare
1307 727 1466 768 iussus:

116 786 273 840 quippe
307 786 539 827 obnoxium
572 786 858 840 praedonibus
896 789 984 827 erat
1016 786 1128 827 bello
1162 789 1391 840 utrumque
1424 787 1467 827 in

114 860 257 901 regem
312 860 527 887 conve-rso.
602 845 682 886 His
733 845 966 900 conpositis
1012 845 1187 888 Herculi
1234 846 1364 900 Tyrio
1416 862 1465 887 ex
1497 858 1537 888 16

115 920 217 946 auro
257 908 463 947 crateram
508 919 603 946 cum
643 917 738 946 XXX
776 906 934 960 pateris
974 905 1131 947 dicavit
1168 906 1467 960 inminensque

115 964 253 1006 Dareo
287 965 339 1005 ad
371 964 623 1018 Euphraten
656 964 736 1006 iter
768 965 1037 1019 pronuntiari
1070 965 1205 1007 iussit.

204 1024 262 1065 At
306 1024 486 1077 Dareus,
530 1038 624 1066 cum
669 1024 868 1080 Aegypto
915 1025 1142 1066 devertisse
1187 1025 1231 1065 in
1278 1024 1465 1066 Africam
1478 1029 1525 1064 IX

114 1083 280 1125 hostem
316 1084 588 1139 conperisset,
630 1084 910 1137 dubitaverat,
942 1087 1157 1126 utrumme
1189 1085 1300 1126 circa
1331 1084 1466 1125 Meso—

113 1144 346 1198 potamiam
391 1144 642 1185 subsisteret
687 1159 739 1185 an
777 1143 980 1186 interiora
1024 1145 1146 1199 regni
1190 1144 1255 1185 sui
1294 1147 1468 1199 peteret,

114 1203 227 1244 haud
260 1203 386 1244 dubie
425 1204 643 1258 potentior
676 1206 824 1245 auctor
862 1219 1060 1258 praesens
1100 1204 1270 1245 futurus
1303 1203 1467 1245 ultimis

113 1263 314 1319 gentibus
357 1263 523 1318 inpigre
565 1263 725 1305 bellum
768 1263 1031 1318 capessendi,
1081 1278 1185 1317 quas
1228 1278 1352 1319 aegre
1393 1279 1468 1318 per

113 1323 350 1377 praefectos
385 1337 483 1364 suos
510 1323 777 1364 moliebatur.
843 1322 925 1364 Sed
957 1326 1004 1364 ut
1031 1323 1194 1365 idoneis
1222 1323 1468 1364 auctoribus
1495 1336 1514 1365 ‘2

114 1384 225 1423 fama
252 1383 444 1437 vulgavit
470 1381 761 1424 Alexandrum
795 1398 890 1424 cum
917 1383 1115 1424 omnibus
1143 1384 1290 1437 copiis,
1324 1398 1467 1437 quam-

115 1456 296 1495 cumque
324 1442 414 1495 ipse
436 1442 594 1483 adisset
614 1442 844 1498 regionem,
870 1443 1116 1496 petiturum,
1142 1442 1255 1484 haud
1284 1443 1467 1498 ignarus,

116 1516 243 1555 quam
296 1516 391 1542 cum
443 1504 614 1542 strenuo
659 1516 725 1542 res
772 1505 898 1555 esset,
949 1503 1092 1543 omnia
1134 1503 1466 1558 longinquarum

115 1561 306 1616 gentium
334 1561 492 1601 auxilia
518 1561 799 1616 Babyloniam
827 1561 1021 1603 contrahi
1053 1561 1188 1602 iussit.
1251 1561 1467 1602 Bactriani

62 1636 90 1659 εν
116 1620 383 1674 Scythaeque
434 1624 475 1661 et
519 1619 613 1661 Indi
659 1624 944 1662 convenerant
989 1622 1091 1675 iam,
1142 1623 1183 1661 et
1233 1624 1466 1662 ceterarum

115 1679 307 1735 gentium
354 1681 499 1734 copiae
543 1680 736 1734 partibus
785 1680 913 1721 simul
957 1680 1193 1722 adfuerunt.
1271 1680 1466 1722 Ceterum
1496 1692 1515 1723 3

116 1754 209 1780 cum
258 1738 432 1780 dimidio
478 1740 609 1780 ferme
656 1740 791 1781 maior
834 1743 946 1781 esset
984 1740 1205 1794 exercitus,
1250 1755 1377 1794 quam
1423 1740 1467 1781 in

116 1798 265 1839 Cilicia
291 1799 441 1852 fuerat,
468 1799 613 1840 multis
642 1814 759 1840 arma
785 1799 968 1841 deerant.
1033 1799 1147 1848 Quae
1175 1815 1341 1841 summa
1368 1814 1468 1841 cura

213 1968 227 1996 1
266 1963 506 2007 Mytilenaeis
544 1965 689 2008 scripsi:
729 1963 930 1998 mitileneis
965 1968 1002 2005 c,
1042 1963 1246 1999 mitilaneis
1278 1968 1303 1997 P
1340 1977 1382 1999 m.
1408 1976 1465 2009 pr.

117 2015 135 2043 3
163 2011 360 2045 finitimam
386 2011 543 2054 Jeepz'uvs:
572 2011 700 2045 finium
720 2015 758 2045 A,
836 2015 855 2045 6
883 2011 1049 2058 habitus]
1077 2011 1200 2046 abitus
1225 2016 1260 2046 F.
1337 2016 1357 2046 8
1385 2011 1466 2046 Cre-

116 2059 208 2104 tam]
231 2060 369 2092 cetram
389 2062 414 2091 L
437 2070 478 2092 m.
496 2070 553 2102 pr.
641 2059 909 2103 Spartanorum
923 2063 956 2092 1:
984 2060 1269 2104 sparthanorum
1289 2063 1314 2092 P
1337 2072 1379 2094 m.
1396 2072 1466 2104 pn,

116 2106 384 2150 pax-thanorum
412 2110 443 2139 C.
543 2109 561 2139 9
595 2106 876 2152 obsidebantur]
917 2107 1192 2141 obsedebantur
1227 2111 1252 2140 1.
1286 2119 1328 2141 m.
1353 2119 1412 2152 pr.
1443 2111 1468 2140 P

119 2165 160 2187 m.
186 2165 257 2197 pr„
289 2153 557 2187 absidebantur
581 2157 606 2186 B
635 2166 678 2188 m.
694 2166 753 2198 pr.
864 2158 904 2188 11
932 2156 1128 2199 utrumque
1160 2155 1305 2199 scripsi:
1339 2154 1468 2188 utrim-

117 2212 186 2243 que
213 2204 252 2234 A.
365 2205 407 2234 14
434 2200 664 2247 Euphraten]
693 2202 871 2246 ephraten
891 2205 931 2236 V.
1037 2206 1080 2236 24
1112 2201 1372 2247 Babylonia-m]
1403 2202 1469 2235 ba-

117 2247 323 2291 bylioniam
342 2252 383 2283 V.
491 2252 534 2282 25
562 2248 795 2294 Scythaeque
823 2250 958 2284 Aldus:
996 2249 1209 2293 scithaeque
1241 2253 1280 2293 G,
1307 2249 1467 2283 schithe-

117 2306 188 2338 que
208 2299 243 2329 P.
343 2300 385 2329 25
408 2298 654 2330 convenerant
674 2296 760 2339 iam,
782 2298 819 2331 et
839 2297 1049 2331 Acidalc'ns:
1075 2298 1336 2332 conuenerant.
1382 2308 1468 2330 nam

119 2343 155 2377 et
181 2345 220 2377 A.
319 2347 362 2376 ‘27
390 2343 561 2390 dimidio]
589 2344 703 2378 dimio
729 2348 764 2378 P.
864 2348 908 2378 23
936 2344 1081 2390 Cilicia]
1109 2344 1229 2379 cilitia
1255 2348 1290 2377 P.
