1610 2522
55 453 70 476 5

47 497 69 532 4

40 752 71 776 10

39 1048 72 1072 15

40 1640 75 1665 25

344 85 677 121 HISTORIARUM
705 85 988 120 ALEXANDRI
1020 85 1074 128 VI,
1105 91 1133 119 1.
1158 90 1187 119 2.
1366 85 1446 125 155

88 196 284 238 fectionis
306 199 472 249 praeter
492 197 686 236 auctores
708 195 1039 248 inpetraverunt,
1058 193 1447 248 Megalopolitanis,

90 270 272 309 quorum
306 255 405 296 urbs
439 255 611 295 obsessa
644 257 733 295 erat
767 270 789 294 a
823 253 1072 295 defectionis
1106 252 1254 306 sociis,
1286 250 1443 293 Achaei

90 318 131 356 et
162 314 257 356 Elei
299 317 468 355 centum
511 326 573 354 xx
606 315 766 355 talenta
810 313 906 354 dare
940 313 1043 354 iussi
1078 314 1187 353 sunt.
1251 311 1331 352 Hic
1365 311 1449 352 fuit
1476 323 1515 351 21

91 375 229 415 exitus
262 373 382 420 belli.
427 373 539 427 quod
571 377 743 427 repente
777 376 917 414 ortum
951 372 1070 426 prius
1103 375 1246 413 tamen
1277 370 1446 411 finitum

91 437 172 486 est,
218 448 344 488 quam
383 433 566 474 Dareum
599 432 839 474 Alexander
872 432 985 486 apud
1018 431 1176 472 Arbela
1217 433 1446 484 superaret.

181 492 264 534 Sed
290 496 337 533 ut
364 493 549 547 primum
577 491 837 533 instantibus
865 492 977 532 curis
1004 492 1171 531 laxatus
1198 492 1262 531 est
1282 489 1447 530 animus
1468 493 1502 526 H

90 553 340 594 militarium
379 567 517 593 rerum
551 566 679 605 quam
714 551 869 605 quietis
903 551 1065 604 otiique
1100 550 1349 603 patientior,
1381 563 1448 589 ex-

91 626 237 666 cepere
272 626 366 653 eum
400 612 653 665 voluptates,
698 614 750 663 et,
797 625 923 664 quem
957 624 1074 650 arma
1105 609 1331 650 Persarum
1363 622 1450 649 non

90 672 326 727 fregerant,
370 671 474 711 vitia
507 670 719 711 vicerunt:
765 670 1018 723 tempestiva
1058 669 1254 710 convivia
1286 672 1327 709 et
1359 682 1450 722 per·
1477 678 1495 707 2

92 730 267 784 potandi
325 730 692 785 pervigilandique
749 730 898 770 insana
955 729 1132 770 dulcedo
1182 728 1357 782 ludique
1408 729 1450 767 et

92 804 243 845 greges
287 790 482 843 pelicum.
559 788 711 830 Omnia
754 790 798 830 in
844 791 1066 830 externum
1113 789 1234 841 lapsa
1274 801 1449 827 morem.

92 848 226 898 Quem
253 849 324 890 ille
345 850 583 890 aemulatus
613 849 733 902 quasi
760 849 972 902 potiorem
995 862 1070 888 suo
1094 848 1152 888 ita
1174 847 1449 900 popularium

93 908 257 949 animos
291 908 521 961 oculosque
553 907 712 962 pariter
745 907 933 957 offendit,
965 910 1013 948 ut
1046 922 1068 947 a
1101 907 1316 960 plerisque
1350 905 1449 946 ami-

92 982 237 1009 corum
266 981 342 1021 pro
370 968 493 1009 hoste
512 967 754 1008 haberetur.
805 966 992 1008 Tenaces
1015 966 1173 1020 quippe
1201 965 1450 1018 disciplinae
1479 975 1498 1004 3

93 1042 192 1068 suae
238 1027 470 1081 solitosque
514 1041 642 1080 parco
688 1040 735 1067 ac
780 1026 960 1080 parabili
1006 1026 1121 1066 victu
1160 1025 1213 1066 ad
1249 1024 1451 1078 inplenda

91 1089 268 1127 naturae
310 1086 516 1127 desideria
560 1086 735 1141 defungi
774 1087 817 1127 in
858 1086 1083 1140 peregrina
1116 1088 1157 1126 et
1191 1084 1451 1125 devictarum

93 1146 285 1201 gentium
330 1147 438 1187 mala
480 1145 705 1200 inpulerat.
768 1144 881 1186 Hinc
920 1145 1088 1198 saepius
1121 1146 1374 1198 conparatae
1408 1143 1449 1183 111
1479 1154 1499 1183 4

93 1208 220 1259 caput
259 1206 349 1246 eius
382 1205 578 1258 insidiae,
624 1206 804 1246 secessio
838 1205 1024 1245 militum
1057 1206 1099 1245 et
1130 1203 1308 1244 liberior
1341 1203 1452 1243 inter

93 1267 260 1306 mutuas
293 1267 502 1318 querellas
535 1265 674 1319 dolor,
718 1265 852 1317 ipsius
887 1264 1037 1305 deinde
1068 1277 1183 1304 nunc
1214 1263 1294 1315 ira,
1339 1276 1451 1302 nunc

94 1324 370 1378 suspiciones,
397 1339 501 1378 quas
529 1324 742 1366 excitabat
768 1324 1036 1365 inconsultus
1058 1337 1202 1376 pavor,
1230 1325 1451 1375 ceteraque

93 1383 160 1424 1118
205 1383 378 1437 similia,
424 1398 530 1437 quae
576 1383 725 1424 deinde
770 1383 975 1424 dicentur.
1038 1381 1177 1436 Igitur
1222 1396 1317 1422 cum
1348 1383 1453 1422 tem-
1480 1392 1499 1420 5

94 1443 271 1496 pestivis
317 1443 523 1484 conviviis
569 1443 656 1484 dies
702 1443 861 1495 pariter
897 1445 1128 1495 noctesque
1172 1444 1452 1492 consumeret,

96 1502 332 1542 satietatem
372 1503 592 1555 epularum
629 1501 741 1543 ludis
773 1501 1074 1555 interpellabat
1105 1515 1192 1541 non
1226 1502 1452 1541 contentus

95 1562 319 1614 artificum,
353 1575 458 1614 quos
489 1576 510 1601 e
538 1560 715 1602 Graecia
741 1561 964 1614 exciverat,
996 1560 1140 1601 turba:
1174 1560 1332 1613 quippe
1359 1573 1451 1612 cap<

95 1622 207 1661 tivae
250 1620 507 1661 iubebantur
550 1635 625 1661 suo
671 1620 756 1661 ritu
802 1634 949 1661 canere
994 1619 1261 1661 inconditum
1304 1622 1345 1659 et
1383 1619 1451 1658 ab·

94 1679 272 1720 horrens
310 1680 545 1735 peregrinis
584 1680 757 1721 auribus
797 1694 974 1720 carmen.
1039 1677 1155 1720 Inter
1187 1692 1291 1732 quas
1323 1693 1451 1718 unam
1480 1689 1500 1718 6

193 1777 209 1806 1
238 1772 568 1817 Megalopolitanis
590 1772 757 1807 Modius:
785 1771 1116 1817 maegalepolitani
1145 1775 1183 1814 c,
1209 1769 1450 1815 megalepoli-

96 1822 175 1853 tam
201 1824 225 1852 P
245 1832 365 1864 m.pr.
483 1823 502 1853 2
530 1819 633 1865 urbs]
667 1819 755 1854 ubrs
782 1823 817 1853 L.
942 1819 1091 1854 obsessa
1119 1819 1212 1864 erat]
1245 1818 1453 1852 obsesserat

96 1871 169 1901 FV.
269 1867 378 1901 sociis
406 1868 615 1911 Ζηηι]11ῖιιε;
645 1867 722 1902 eius
744 1871 782 1902 A.
882 1866 1022 1901 Achaei
1055 1869 1091 1901 et
1117 1866 1199 1900 Elei
1228 1866 1450 1901 Gronovius:

97 1914 209 1948 achas
230 1914 317 1949 eteli
332 1918 371 1948 A.
449 1919 465 1948 ῖ
487 1914 723 1961 militarium]
738 1914 944 1948 militarum
958 1918 997 1947 V.
1074 1914 1265 1958 excepere]
1283 1912 1452 1957 excipere

96 1966 122 1995 P
138 1974 180 1996 m.
195 1974 254 2006 pr.
331 1966 349 1996 9
370 1962 591 2006 tempestiva
608 1963 832 2008 Heuszngjei:
853 1961 1120 2006 tempestatiua
1134 1965 1159 1994 P
1174 1973 1218 1995 m.
1233 1973 1300 2004 pr,
1319 1960 1454 1993 intem-

96 2009 246 2053 pestiua
272 2013 304 2043 c.
427 2009 664 2064 perpotandi]
693 2009 938 2054 perportandi
963 2013 988 2042 P
1011 2021 1052 2042 m.
1068 2021 1127 2052 pr.
1134 2036 1141 2050 ,
1173 1989 1389 2052 perpotanti
1416 2011 1451 2041 F

100 2060 142 2090 12
163 2068 274 2100 quem
294 2056 356 2090 ille
377 2059 522 2101 scripsi:
545 2068 729 2101 quemque
744 2060 782 2090 A
861 2060 902 2090 16
925 2056 1170 2101 devictarum]
1191 2056 1398 2090 euictarum
1416 2058 1451 2088 P.

101 2107 142 2137 19
169 2103 352 2147 querellas
375 2108 411 2138 C:
440 2105 609 2151 querelas
629 2108 665 2138 P.
778 2107 820 2138 20
849 2103 1078 2147 suspiciones
1104 2107 1141 2136 C:
1170 2103 1395 2147 suspitiones
1416 2106 1451 2135 P.

99 2154 142 2184 21
171 2151 320 2197 deinde]
348 2151 433 2185 inde
459 2156 484 2185 P
503 2164 548 2186 m.
564 2163 623 2195 pr.
751 2151 984 2195 tempestivis
1010 2155 1036 2184 P
1058 2162 1100 2184 m.
1116 2162 1192 2194 pin:
1220 2150 1452 2194 intempesti-

99 2198 156 2231 uis
177 2203 209 2232 c.
285 2203 327 2232 22
357 2199 435 2234 dies
455 2211 520 2233 om.
542 2203 567 2232 P
588 2211 631 2233 m.
647 2211 706 2243 pr
782 2202 825 2232 23
853 2198 1081 2243 satietatem]
1103 2198 1321 2232 sacietatem
1345 2201 1380 2230 P.

99 2244 380 2292 interpellabat]
406 2246 669 2291 interpellebat
694 2250 720 2279 P
742 2249 1021 2290 711.1)r.24
1048 2246 1083 2291 e]
1111 2256 1154 2279 ae
1182 2249 1240 2278 FP
1263 2257 1304 2278 m.
1322 2257 1381 2288 pr.

101 2291 271 2337 Graecia]
291 2294 481 2338 graetiaP.
557 2293 758 2339 exciverat]
785 2293 1014 2328 excitauerat
1034 2296 1060 2326 B
1084 2305 1125 2327 m.
1141 2305 1200 2336 pr.
1222 2296 1246 2325 P
1262 2304 1305 2326 m.
1322 2304 1379 2335 pr.

98 2339 210 2373 turba
235 2340 457 2375 FrQobemus:
485 2340 617 2375 turbae
644 2344 682 2374 A.
