1610 2522
58 754 80 788 ιθ

76 828 107 851 11

77 1067 106 1091 15

73 1662 105 1687 25

406 106 740 141 Hisroumffl‘n
767 105 1046 139 ALEXANnin
1077 105 1153 146 vn,
1181 110 1212 138 ιι.
1398 105 1485 146 229

132 216 265 271 redigi
299 219 474 270 possent
506 216 549 257 in
582 218 856 269 potestatem,
897 213 1165 271 [coercendo]
1201 215 1272 268 qui
1307 229 1486 255 novave-

132 278 227 316 rant
258 290 342 327 reS,
376 275 499 317 iussit
531 275 698 316 accersi.
761 275 820 315 At
852 274 933 328 illi,
967 273 1235 327 defectionis,
1275 274 1325 314 ad
1359 289 1485 328 quam

131 335 403 376 coercendam
448 335 751 387 evocabantur,
796 337 1006 386 auctores,
1048 333 1325 389 vulgaverant
1374 334 1487 374 fama

132 394 377 436 Bactrianos
413 396 576 449 equites
610 410 632 435 a
665 409 763 449 rege
796 408 961 447 omnes,
999 396 1046 434 ut
1079 393 1389 447 occiderentur,
1422 408 1486 434 ac-

132 455 251 508 cersi,
302 454 428 508 idque
476 454 730 508 imperatum
776 454 879 507 ipsis
923 467 1008 494 non
1048 452 1299 493 sustinuisse
1345 456 1486 494 tamen

130 514 295 567 exequi,
328 529 378 554 ne
406 513 663 568 inexpiabile
691 514 734 554 in
760 514 986 568 populares
1013 511 1178 554 facinus
1200 512 1484 553 admitterent.

129 572 227 613 Non
274 574 410 628 magis
452 572 683 614 Alexandri
728 573 947 614 saevitiam
989 587 1115 626 quam
1154 572 1274 612 Bessi
1313 571 1486 625 parrici-

130 633 246 673 dium
297 633 404 673 ferre
443 633 644 687 potuisse.
715 631 863 686 ltaque
903 647 979 673 sua
1025 634 1174 685 sponte
1217 631 1299 672 iam
1346 634 1484 672 motos

130 695 246 733 metu
289 706 449 746 poenae
487 692 600 732 haud
640 692 870 734 difficulter
911 692 962 732 ad
1004 706 1120 732 arma
1152 691 1484 732 concitaverunt.

129 751 370 792 Alexander
401 751 720 806 transfugarum
755 751 989 792 defectione
1029 753 1231 805 conperta
1265 749 1485 792 Craterum

131 811 324 852 obsidere
359 809 604 866 Cyropolim
644 811 778 853 iubet:
819 812 908 866 ipse
947 810 1073 851 aliam
1114 810 1261 851 urbem
1296 810 1485 865 regionis

129 871 314 912 eiusdem
350 885 503 912 corona
536 871 666 925 capit,
700 871 928 926 signoque.
968 873 1015 911 ut
1046 869 1227 924 puberes
1278 870 1485 911 interfice-

127 933 285 983 rentur,
318 930 415 971 dato
442 931 596 984 reliqui
629 931 673 971 in
693 930 892 984 praedam
927 944 1088 971 cessere
1121 929 1305 970 victoris.
1372 928 1484 970 Urbs

131 990 270 1031 diruta
303 992 378 1043 est,
411 992 458 1031 ut
491 990 619 1032 ceteri
647 990 778 1031 cladis
811 990 901 1031 eius
923 990 1118 1044 exemplo
1153 989 1483 1030 continerentur.

129 1049 374 1101 Memaceni,
407 1049 546 1090 valida
579 1064 694 1104 gens,
728 1049 993 1090 obsidionem
1014 1064 1098 1090 non
1126 1051 1174 1089 ut
1195 1049 1483 1089 honestiorem

128 1108 275 1162 modo,
318 1109 389 1150 sed
437 1110 563 1150 etiam
609 1112 656 1150 ut
699 1109 899 1150 tutiorem
939 1109 1048 1150 ferre
1099 1109 1387 1150 decreverant:
1432 1108 1485 1149 ad

128 1183 308 1222 quorum
349 1168 626 1222 pertinaciam
672 1168 953 1224 mitigandam
993 1183 1065 1209 rex
1100 1180 1124 1208 L
1165 1169 1328 1222 equites
1368 1183 1484 1222 prae-

127 1228 261 1282 misit,
306 1228 379 1282 qui
417 1229 685 1269 clementiam
724 1228 859 1282 ipsius
898 1227 943 1269 in
982 1228 1146 1269 deditos
1179 1227 1389 1281 simulque
1423 1228 1483 1268 in-

127 1287 386 1328 exorabilem
426 1288 615 1329 animum
659 1287 701 1328 in
735 1287 925 1328 devictos
959 1288 1241 1329 ostenderent.
1305 1286 1373 1328 llli
1406 1302 1483 1328 neo

74 1365 88 1388 2
129 1347 178 1388 de
210 1347 292 1387 fide
324 1361 402 1388 nec
434 1347 483 1389 de
523 1347 747 1388 clementia
785 1347 896 1402 regis
939 1347 1051 1401 ipsos
1085 1347 1278 1388 dubitare
1312 1361 1483 1401 respon-

127 1406 227 1447 dent
259 1407 507 1460 equitesque
534 1407 705 1448 tendere
726 1410 844 1448 extra
869 1407 1134 1448 munimenta
1160 1406 1277 1447 urbis
1312 1406 1482 1447 iubent:

126 1466 398 1520 hospitaliter
430 1465 578 1507 deinde
607 1469 806 1520 exceptos
838 1481 1073 1521 gravesque
1095 1466 1231 1520 epulis
1259 1468 1300 1506 et
1332 1480 1481 1506 somno

128 1525 384 1579 intempesta
416 1528 539 1566 nocte
572 1525 709 1567 adorti
738 1526 1054 1567 interfecerunt.
1094 1525 1336 1566 Alexander
1368 1525 1479 1566 haud

128 1599 264 1638 secus,
299 1599 425 1638 quam
458 1600 534 1638 par
573 1588 675 1639 erat,
707 1588 849 1626 motus
882 1585 1031 1626 urbem
1065 1600 1221 1626 corona
1253 1584 1482 1626 circumde-

128 1643 209 1698 dit,
248 1644 540 1698 munitiorem,
583 1659 709 1698 quam
742 1648 789 1685 ut
827 1645 964 1698 primo
1005 1645 1164 1698 impetu
1199 1644 1291 1698 capi
1324 1647 1479 1698 posset.

223 1801 240 1830 1
269 1797 504 1842 [coercendo]
539 1797 601 1842 qui
632 1798 917 1840 Freinshemius,
951 1799 991 1831 ins
1022 1801 1043 1830 G
1076 1798 1206 1843 Ieyz‘tw·
1239 1797 1478 1831 cohercendo.

127 1848 146 1877 2
174 1844 247 1890 res]
274 1855 336 1878 rex
362 1848 388 1877 F
408 1857 453 1879 m.
468 1857 527 1890 pr.
549 1849 584 1879 P.
661 1846 724 1890 ad]
758 1847 796 1879 at
821 1849 893 1879 PV.
976 1850 995 1878 3
1024 1844 1265 1879 coercendam
1295 1849 1325 1879 1:
1355 1844 1479 1878 coher-

128 1892 282 1926 cendam
303 1895 341 1925 A.
417 1896 437 1925 4
465 1893 618 1939 accersi]
653 1889 795 1927 adeersi
822 1897 856 1927 P.
933 1897 951 1926 5
980 1892 1214 1938 sustinuisse]
1243 1892 1479 1926 sustinuisset

126 1943 152 1972 F
174 1951 216 1973 m.
232 1952 292 1984 pr.
378 1944 396 1973 6
425 1940 683 1986 admitterent]
711 1940 937 1974 admiterent
962 1944 997 1973 L.
1087 1943 1105 1973 9
1133 1940 1250 1985 haud]
1277 1944 1340 1973 aut
1367 1943 1407 1974 V.

127 1986 342 2032 difficulter]
370 1987 555 2021 dificulter
580 1992 616 2021 F.
749 1989 796 2022 ad
829 1999 931 2022 arma
963 1987 1243 2021 concitaverunt
1269 1992 1293 2020 L
1320 1999 1409 2022 corr.
1436 1992 1477 2021 P:

127 2034 408 2068 concitauerunt
435 2035 482 2068 ad
515 2045 616 2069 arma
644 2040 675 2070 C.
824 2040 864 2069 11
894 2035 1105 2079 Cyropolim
1132 2039 1164 2069 1:
1200 2035 1414 2079 cyropolym
1441 2038 1477 2075 P,

127 2081 318 2126 citopolim
349 2087 381 2115 C.
524 2086 566 2116 14
597 2083 736 2129 diruta]
767 2083 917 2127 dirupta
946 2086 984 2116 V.
1129 2087 1169 2116 16
1200 2083 1391 2127 tutiorem]
1421 2083 1478 2116 tu-

127 2129 263 2163 ciorem
295 2133 333 2163 V.
434 2134 475 2163 17
510 2131 681 2176 quorum]
720 2141 845 2164 corum
884 2135 920 2164 P.
1067 2130 1329 2176 pertinaciam]
1364 2130 1478 2174 perti-

126 2176 268 2210 natiam
306 2180 445 2210 FLPV.
568 2181 611 2212 ΞΟ
639 2178 836 2212 clementia
866 2179 1032 2212 Medius:
1067 2177 1265 2212 clementia
1291 2182 1316 2211 P
1345 2190 1386 2211 m.
1404 2190 1477 2222 Ρη,

127 2223 296 2267 potentia
333 2228 354 2257 c
408 2224 577 2268 potentia
615 2226 668 2271 F]
815 2230 857 2259 22
896 2224 1149 2271 hospitaliter]
1189 2225 1400 2270 ospitaliter
1437 2229 1476 2258 V.

128 2274 171 2304 23
199 2271 335 2317 adorti]
363 2283 384 2304 a
412 2271 511 2306 hosti
536 2276 576 2306 V.
707 2273 823 2318 haud]
856 2285 902 2307 au
928 2277 957 2305 V
984 2285 1028 2306 m.
1049 2285 1108 2317 pr.
1255 2277 1298 2306 24
1326 2274 1476 2318 corona]

129 2329 300 2352 coronam
326 2323 363 2352 V.
499 2324 542 2354 25
568 2320 822 2367 munitiorem]
849 2320 1090 2356 municiorem
1116 2325 1140 2355 L
1163 2334 1205 2355 m.
1221 2333 1280 2367 pr.
1301 2325 1340 2364 V,
1367 2320 1474 2355 mini—

128 2365 260 2400 tiorem
286 2369 311 2399 B
334 2378 376 2400 m.
393 2378 450 2410 pr.
477 2367 721 2401 munitionem
747 2372 782 2401 P.

1516 285 1557 314 15

1515 764 1555 793 1ss

1512 1062 1554 1092 17

1512 1300 1553 1329 18

1511 1538 1551 1567 19
