1610 2522
64 1627 107 1657 30

63 1926 102 1955 31

137 79 192 118 (34
643 79 681 119 Q.
710 77 852 112 <Uirri
882 77 991 112 RUFI

139 188 280 228 ruinas
308 187 443 229 hostis
479 188 663 229 intravit.
728 186 921 229 Ducebat
956 187 1043 241 ips‹¹
1077 202 1146 228 rex
1176 187 1490 242 antesignanos,

137 250 189 292 et,
223 248 320 288 duni
352 247 563 288 incautius
591 246 718 300 subit,
752 262 852 287 saxo
887 261 982 288 crus
1015 249 1105 289 eius
1131 247 1360 302 adfligitur.
1424 245 1490 288 ln-

138 308 260 347 nixus
306 309 447 347 tamen
500 307 584 348 telo
630 306 816 347 nondum
872 307 1024 359 prioris
1075 305 1259 347 vulneris
1305 306 1490 347 obducta

137 366 333 407 cicatrice
371 367 481 407 inter
514 366 722 420 primores
757 366 942 419 dimicat,
981 365 1042 406 ira
1075 379 1243 420 quoque
1277 380 1490 417 accensus,

136 425 250 479 quod
290 425 373 466 duo
420 427 462 466 in
502 425 721 466 obsidione
762 425 879 466 urbis
918 425 1008 466 eius
1050 425 1222 466 vulnera
1262 428 1489 479 acceperat.

140 485 276 525 Betim
312 486 482 541 egregia
520 485 632 526 edita
668 499 813 539 pugna
844 485 1075 538 multisque.
1117 484 1360 525 vulneribus
1394 498 1489 526 con-

138 546 295 586 fectum
338 545 615 586 deseruerunt
654 545 737 599 sui,
776 559 851 585 nec
891 547 1031 585 tamen
1072 545 1244 599 segnius
1284 544 1490 598 proelium

136 604 383 658 capessebat
427 603 603 645 lubricis
643 604 768 645 armis
814 618 891 645 suo
930 605 1091 659 pariter
1136 607 1262 658 atque
1302 604 1490 645 hostium

137 664 354 719 sanguine.
419 662 501 705 Sed
536 677 629 704 cum
665 664 850 717 undique
885 663 979 704 telis
1005 666 1219 717 pete-meur,
1258 664 1315 704 ad
1341 667 1490 714 postre-

139 738 246 765 mum
299 724 509 764 exhaustis
560 723 716 765 viribus
769 724 882 764 ricus
936 725 976 763 in
1023 726 1260 776 potestatem
1313 723 1489 765 hostium

133 784 326 836 pervenit.
392 782 484 832 Quo
513 783 695 824 adducto
724 783 925 824 insolenti
954 782 1109 838 gaudio
1144 782 1308 824 iuvenis
1342 782 1492 834 elatus,

136 843 241 884 alias
268 843 440 884 virtutis
468 843 593 883 etiam
624 843 666 883 in
693 842 816 883 hoste
838 843 1032 884 mirator:
1060 841 1188 893 ‘Non,
1215 846 1262 882 ut
1290 841 1492 894 voluisti’,

138 902 289 956 inquit,
329 902 551 954 ‘moi-ieris,
593 902 677 955 sed,
720 902 925 956 quidquid
968 902 1011 942 in
1055 903 1267 956 captivum
1313 901 1491 942 inveniri

137 965 289 1017 potest,
332 977 554 1016 passurum
600 976 688 1004 esse
730 966 771 1002 te
814 962 982 1017 cogita’.
1047 960 1123 1001 Ille
1168 975 1251 1001 non
1296 961 1491 1002 interrito

138 1022 280 1075 modo,
330 1022 402 1063 sed
448 1021 687 1062 contumaci
735 1035 907 1076 quoque
958 1019 1077 1062 vultu
1124 1021 1294 1061 intuens
1346 1035 1488 1076 regem

136 1081 295 1122 nullam
324 1082 375 1122 ad
396 1081 532 1123 minas
560 1081 650 1122 eius
671 1080 855 1122 reddidit
882 1094 1039 1122 vocem.
1103 1079 1210 1121 Tum
1232 1079 1491 1121 Alexander:

139 1140 374 1182 ‘Videtisne
397 1141 658 1182 obstinatum
688 1141 739 1181 ad
761 1141 984 1181 tacendum
995 1140 1031 1180 ‘?’
1058 1140 1209 1193 inquit,
1238 1140 1353 1180 ‘num
1382 1153 1490 1194 genu

136 1201 309 1255 posuit?
342 1216 442 1242 num
477 1214 621 1241 vocem
657 1199 893 1255 supplicem
928 1199 1074 1240 misit?
1137 1198 1316 1240 Vincam
1351 1202 1490 1239 tamen

138 1260 356 1302 silentium
391 1264 445 1313 et,
477 1260 511 1301 si
545 1259 653 1301 nihil
686 1259 813 1312 aliud,
847 1263 958 1300 certe
991 1259 1152 1315 gemitu
1183 1257 1492 1312 interpellabo'.

137 1319 204 1360 Ira
238 1320 387 1361 deinde
420 1321 548 1361 vertit
584 1321 626 1360 in
659 1320 819 1361 rabiem
860 1321 943 1360 iam
978 1323 1067 1360 turn
1103 1319 1350 1374 peregrinos
1385 1318 1491 1358 ritus

135 1394 245 1420 nova
273 1380 508 1420 subiciente
535 1380 717 1420 fortuna.
783 1379 862 1419 Per
889 1378 999 1420 talos
1031 1379 1143 1419 enim
1173 1377 1374 1432 spirantis
1402 1376 1492 1418 lora

137 1439 313 1480 traiecta
359 1442 469 1492 sunt,
511 1438 826 1495 religatumque
868 1439 918 1479 ad
962 1452 1132 1479 currum
1175 1441 1339 1478 traxere
1382 1437 1492 1479 circa

136 1499 281 1539 urbem
329 1499 426 1552 equi
477 1498 687 1553 gloriante
738 1513 855 1553 rege,
899 1496 1116 1549 Achillen,
1161 1512 1183 1537 a
1229 1511 1313 1550 quo
1358 1511 1491 1551 genus

137 1558 225 1612 ipse
272 1558 515 1612 deduceret,
566 1559 778 1599 imitatum
826 1573 869 1598 se
915 1572 1003 1598 esse
1048 1571 1183 1611 poena
1237 1556 1277 1596 in
1322 1555 1489 1597 hostem

134 1618 350 1672 capienda.
427 1618 624 1658 Cecidere
687 1617 912 1658 Persarum
969 1616 1245 1669 Arabumque
1303 1616 1413 1656 circa
1463 1626 1489 1655 x

135 1678 268 1731 milia,
313 1692 390 1719 nec
429 1676 731 1718 Macedonibus
772 1678 991 1718 incruenta
1029 1676 1206 1717 victoria
1252 1675 1346 1716 fuit.
1409 1675 1490 1713 Ob-

135 1737 243 1778 sidio
296 1740 408 1779 certe
458 1751 543 1777 non
600 1740 686 1778 tam
739 1736 932 1777 claritate
982 1736 1100 1776 urbis
1151 1734 1377 1776 nobilitata
1428 1737 1491 1775 est

135 1811 260 1849 quam
298 1797 515 1851 geminato
549 1795 738 1850 periculo
779 1796 899 1851 regis
971 1794 1050 1844 Qui
1092 1795 1335 1850 Aegyptum
1375 1793 1490 1834 adire

133 1856 338 1897 festinans
379 1856 596 1910 Amyntan
635 1870 729 1896 cum
763 1867 792 1896 x
825 1855 1072 1896 triremibus
1118 1855 1158 1895 in
1200 1853 1487 1894 Macedoniam

134 1915 185 1956 ad
226 1915 582 1969 conquisitionem
625 1930 831 1956 novorum
873 1914 1056 1955 militum
1097 1913 1224 1954 misit.
1294 1911 1490 1966 Namque

136 1975 260 2016 ctiam
316 1975 510 2016 secundis
563 1974 854 2016 atterebantur
910 1977 1049 2015 tamen
1101 1973 1263 2026 copiae,
1311 1971 1489 2012 devicta-

231 2073 250 2102 4
273 2068 443 2114 dimicat]
459 2068 621 2102 demicat
634 2071 658 2101 P
675 2080 715 2101 m.
732 2080 785 2107 pr.
868 2071 887 2100 6
917 2066 1053 2111 Betim]
1070 2065 1217 2100 baetin*
1234 2068 1268 2098 P.
1333 2070 1352 2098 9
1370 2069 1440 2108 pet
1452 2076 1488 2098 e-

136 2121 228 2149 retu
241 2129 258 2150 ι·
285 2145 291 2149 .
316 2145 320 2149 .
346 2145 350 2149 .
374 2117 578 2160 pervenit
606 2116 689 2149 mid.
718 2115 1001 2150 1⁴*1·ae›inshemius.
1145 2118 1182 2146 11
1214 2113 1292 2153 Quo
1327 2112 1489 2146 adducto

136 2164 424 2198 lv‘reinslwmius:
459 2163 647 2207 quadum»
674 2167 712 2195 A.
839 2166 880 2195 14
908 2161 1093 2206 interrito]
1129 2160 1278 2194 interito
1306 2163 1331 2192 1²
1360 2173 1400 2193 m.
1431 2172 1488 2204 pr.

135 2214 159 2243 P
179 2224 222 2245 m.
239 2224 297 2256 pr.
372 2215 411 2245 19
428 2210 546 2256 aliud]
563 2222 627 2244 orn.
644 2214 679 2243 L.
750 2214 793 2244 20
810 2209 864 2243 Ira
882 2210 1102 2243 I''1·oben1'us:
1125 2208 1213 2241 iram
1232 2211 1269 2240 A.
1340 2212 1380 2240 *21
1405 2207 1486 2240 sub-

135 2258 269 2292 icient<-
289 2260 434 2302 scripsi:
459 2258 639 2292 subeunte
660 2261 698 2291 A.
788 2261 829 2290 24
852 2268 890 2291 se
905 2258 999 2300 esse]
1015 2266 1094 2290 esse
1109 2269 1146 2289 sc
1162 2259 1198 2289 F.
1287 2259 1329 2288 229
1351 2256 1488 2298 Amyn-

135 2309 214 2350 tan}
244 2308 408 2340 aniintan
432 2311 469 2339 V.
570 2309 613 2339 30
641 2304 951 2348 conquisitionem
988 2304 1107 2348 l'oydz
1142 2302 1421 2345 inquisitionem
1448 2305 1476 2335 Δ

136 2360 174 2388 31
207 2355 527 2398 devictarumque]
554 2352 852 2396 diuictaruinquc
879 2354 904 2384 B
933 2365 973 2385 m.
993 2364 1047 2395 pr.

1513 742 1545 766 10

1515 1038 1546 1063 15

1514 1335 1546 1360 20

1512 1633 1545 1658 25

1510 1930 1544 1954 30
