1610 2522
345 71 673 105 HISTORIAHUM
707 71 981 105 AIAEXANnh‘J
1011 72 1068 110 ΠΙ,
1097 76 1124 105 2,
1150 76 1179 104 3.
1410 72 1435 111 ξ)

94 182 280 221 mutatus
319 180 617 221 documentum
659 181 740 222 eris
776 181 973 234 posteris,
1014 180 1224 235 homines,
1265 196 1358 223 cum
1394 196 1436 221 se

93 240 319 293 permisere
358 240 571 292 fortunae,
615 242 740 281 etiam
786 243 981 281 naturam
1022 240 1261 281 dediscere'.
1323 240 1437 281 Haec
1467 252 1507 281 19

94 298 413 352 vociferantem,
453 299 607 353 quibus
640 300 893 354 imperatum
927 302 1033 351 erat,
1067 301 1272 355 iugulant.
1335 299 1438 341 Sera

92 357 240 399 deinde
273 358 532 412 paenitentia
571 359 703 400 subiit
736 374 895 414 regem,
934 374 982 400 ac
1021 374 1117 400 vera
1150 360 1307 401 dixisse
1341 375 1435 401 con-

57 435 71 459 5
95 418 226 459 fessus
260 417 429 472 sepeliri
461 433 556 459 eum
590 419 724 460 iussit.

47 480 70 515 6
181 476 455 531 Thymondas
494 481 598 531 erat,
638 477 845 519 Mentoris
885 478 1016 525 filius,
1056 478 1222 533 inpiger
1255 479 1436 520 iuvenis:
1460 483 1508 516 HI

92 536 157 577 cui
180 539 451 591 praeceptum
480 543 543 578 est
569 553 592 578 a
617 552 727 593 rege,
754 540 800 578 ut
827 552 972 579 omnes
994 538 1240 593 peregrinos
1268 538 1437 586 milites,

91 595 133 636 in
161 595 255 649 quis
276 596 506 650 plurimum
533 596 717 638 habebat
743 598 845 651 spei
872 613 895 638 a
914 596 1188 639 Pharnabazo
1217 598 1436 652 acciperet,

91 670 218 721 opera
251 670 395 697 eorum
429 671 581 697 usurus
614 656 655 697 in
689 656 813 697 bello.
875 656 963 711 Ipsi
998 656 1273 699 Pharnabazo
1307 657 1437 699 tradit

39 731 70 756 ιο
90 714 326 769 imperium,
359 716 473 769 quod
505 719 628 757 antea
658 715 876 757 Memnoni
910 716 1090 758 dederat

178 773 364 815 Anxium
410 775 560 817 deinde
596 775 854 817 instantibus
900 776 1011 816 curis
1050 776 1270 832 agitabant
1308 777 1434 818 etiam
1463 788 1482 817 2

89 848 164 887 per
207 849 402 875 somnum
448 835 606 889 species
652 835 965 876 imminentium
1011 851 1169 890 rerum,
1211 836 1298 877 sive
1340 836 1435 878 illas

90 893 329 947 aegritudo,
368 894 454 935 sive
488 894 692 936 divinatio
726 895 855 936 animi
888 895 1196 951 praesagientis
1231 896 1433 938 accersiit.

90 951 238 994 Castra
264 952 495 994 Alexandri
522 969 676 1009 magno
704 954 815 1010 ignis
841 955 1008 1011 fulgore
1037 956 1255 996 vonlucere
1282 956 1318 996 ei
1346 956 1436 996 visa
1462 966 1481 996 3

36 1030 67 1055 15
89 1015 188 1053 sunt
219 1015 261 1053 et
293 1013 419 1066 paulo
453 1017 551 1067 post
582 1013 822 1055 Alexander
855 1014 1005 1055 adduci
1045 1015 1097 1055 ad
1129 1015 1268 1069 ipsum
1309 1015 1351 1055 in
1385 1031 1433 1056 eo

87 1072 216 1113 vestis
247 1072 410 1126 habitu,
443 1087 526 1127 quo
560 1073 649 1127 ipse
679 1075 814 1126 suctus
846 1088 917 1115 rex
948 1074 1110 1127 fuisset,
1143 1089 1252 1128 equo
1285 1075 1435 1116 deinde

87 1146 162 1185 per
188 1131 407 1186 Babylona
442 1136 584 1173 vectus
612 1132 753 1174 subito
787 1147 881 1174 cum
914 1133 1007 1188 ipso
1035 1148 1143 1188 equo
1178 1134 1312 1175 oculis
1346 1149 1434 1176 esse

87 1190 331 1232 subductus.
395 1190 462 1233 Ad
495 1192 597 1233 haec
624 1195 740 1233 vates
767 1193 884 1234 varia
910 1193 1262 1248 interpretatione
1290 1208 1433 1235 curam
1461 1206 1480 1235 4

88 1250 407 1292 distrinxerant:
447 1252 518 1292 alii
550 1251 709 1293 laetum
749 1252 790 1293 id
829 1252 919 1308 regi
953 1254 1163 1294 somnium
1204 1269 1293 1295 esse
1327 1254 1433 1295 dice-

35 1327 67 1352 20
88 1309 201 1363 bant,
234 1311 347 1364 quod
375 1313 511 1352 eastra
537 1311 725 1353 hostium
754 1311 968 1366 arsissent,
1001 1313 1114 1367 quod
1141 1311 1432 1354 Alexandrum

89 1368 281 1423 deposita
313 1370 430 1426 regia
462 1373 577 1411 veste
610 1372 653 1412 in
680 1371 851 1412 Persico
885 1375 927 1412 et
958 1372 1125 1428 vulgari
1158 1372 1308 1414 habitu
1342 1388 1434 1427 per-

86 1428 258 1469 ductum
306 1429 356 1470 ad
407 1444 451 1470 se
495 1430 690 1482 vidisset,
741 1430 911 1484 quidam
957 1446 1060 1473 non:
1111 1432 1433 1487 augurabantur
1460 1444 1479 1473 5

87 1489 243 1542 quippe
298 1488 497 1530 inlustria
547 1489 828 1531 Macedonum
886 1494 1024 1532 castra
1080 1491 1170 1532 visa
1221 1491 1433 1547 fulgorem

88 1547 328 1589 Alexandro
362 1549 632 1602 portendere:
666 1549 731 1590 cui
761 1551 826 1590 vel
860 1564 1037 1605 regnum
1066 1550 1192 1592 Asiae
1227 1566 1432 1606 occupare

35 1623 66 1649 25
87 1607 221 1648 fatum
258 1622 364 1661 esse,
400 1609 512 1649 haud
548 1608 746 1663 ambigue
786 1609 934 1662 doceri,
971 1610 1172 1664 quoniam
1210 1611 1253 1651 in
1286 1611 1432 1653 eodem

86 1666 237 1707 habitu
264 1666 427 1708 Dareus
454 1668 614 1722 fuisset,
647 1682 742 1709 cum
769 1668 1007 1723 appellatus
1041 1673 1103 1711 est
1129 1685 1213 1711 rex,
1276 1670 1434 1712 Vetera
1460 1683 1479 1712 6

180 1811 201 1841 4
228 1807 343 1842 subiit
368 1812 400 1841 1:
429 1809 529 1843 subit
555 1812 593 1842 A.
693 1813 711 1841 6
740 1809 978 1853 Thymondas
1004 1811 1150 1854 scripsi:
1181 1811 1365 1845 thimodes
1392 1815 1431 1845 A.

88 1858 104 1888 7
134 1856 189 1889 est
214 1866 279 1890 om.
301 1859 326 1888 P
348 1867 389 1890 m.
405 1868 464 1900 pr.
563 1857 604 1890 ut
630 1868 695 1891 om.
716 1860 741 1889 P
762 1869 806 1891 m.
821 1869 879 1901 pr.
979 1861 999 1891 8
1026 1857 1267 1892 Pharnabazo
1295 1860 1430 1894 Ahl‘ns:

87 1902 285 1936 farnabazo
312 1906 349 1936 A.
426 1907 444 1937 9
474 1903 710 1938 Pharnabazo
738 1905 869 1939 Aldus:
898 1904 1098 1940 famabazo
1126 1909 1164 1939 A.
1249 1910 1290 1940 10
1318 1907 1432 1940 Mem-

86 1949 189 1994 noni]
217 1950 414 1984 memmoni
440 1954 478 1984 V.
566 1956 605 1984 11
635 1951 795 1986 deinde
819 1954 964 1997 scripsi:
993 1953 1037 1987 de
1059 1956 1097 1986 A.
1192 1957 1233 1987 13
1261 1955 1433 1988 accersiit

85 1998 230 2041 scripsi:
259 1998 415 2032 accersit
434 2001 472 2031 A.
549 2003 590 2032 16
611 2000 762 2041 factus
787 2011 862 2034 rea:
888 2000 1028 2034 addidi.
1104 2000 1250 2046 fuisset]
1271 2001 1385 2035 fuisse
1406 2005 1430 2035 B

89 2057 129 2078 m.
145 2057 204 2088 pr.
281 2049 320 2078 17
344 2045 536 2090 Babylona
557 2047 766 2091 Zumptz'us:
788 2047 1013 2091 babylonam
1027 2051 1056 2081 A
1076 2048 1307 2094 [babilonam
1322 2050 1377 2095 V].

87 2091 217 2137 oculis]
245 2092 369 2126 oculos
390 2097 414 2126 P
436 2105 478 2128 m.
494 2106 552 2137 pr.
653 2097 695 2128 18
723 2094 926 2129 subductus
949 2096 1117 2130 Illodius:
1147 2096 1370 2130 subductum
1391 2100 1429 2130 A.

87 2142 129 2172 22
157 2140 204 2173 ad
225 2150 263 2174 se
283 2141 455 2184 Eussner:
484 2151 562 2175 esse
582 2144 620 2174 A.
697 2145 739 2175 ‘23
767 2142 939 2176 inlustria
958 2147 983 2176 P
1005 2156 1047 2177 m.
1062 2155 1121 2187 pr.
1143 2147 1169 2176 B
1189 2155 1296 2178 corta:
1325 2143 1431 2178 indu—

87 2185 176 2220 stria
200 2191 231 2220 C.
307 2191 350 2221 24
381 2188 440 2222 cui
464 2187 521 2222 vel
546 2190 691 2232 scripsi:
724 2190 869 2232 quodue
890 2193 928 2223 A.
1005 2202 1186 2235 occupare
1209 2191 1327 2225 fatum
1352 2203 1430 2225 esse

89 2232 256 2269 Orellius:
285 2246 464 2279 occupare
488 2235 680 2271 habuisset
699 2239 738 2270 A.
837 2240 880 2270 25
908 2238 1082 2283 ambigue
1109 2239 1254 2273 doceri
1279 2241 1428 2283 SCJI'JJSI':

86 2281 280 2361 ambiguae
306 2283 359 2316 rei
385 2286 423 2316 A.
524 2288 566 2318 26
594 2283 749 2329 Dareus]
777 2285 890 2318 dareu
916 2289 941 2318 P
969 2298 1010 2319 m.
1027 2297 1085 2330 pr.
1203 2286 1429 2331 appellatus]

87 2338 155 2371 ape
172 2328 269 2363 latus
295 2333 330 2363 P.
