1610 2522
151 115 208 153 90
659 119 698 158 Q.
727 115 867 150 (wn'vi
898 115 1007 149 RUFI

81 237 124 267 34
155 226 362 275 invocare,
397 228 510 266 vaste
538 229 766 280 sancteque
793 225 981 266 habitam
1018 240 1106 266 esse
1135 225 1336 278 reginam.
1401 224 1506 266 Tan-

153 286 245 326 dem
275 287 321 326 ut
347 285 451 326 fides
478 286 589 326 faeta
617 289 680 326 est
707 300 803 326 vera
832 300 935 333 esse,
963 300 1070 339 quae
1091 285 1335 326 adfirmaret
1362 284 1506 338 spado,

152 345 290 399 eapite
323 345 462 386 velato
497 345 567 386 diu
601 345 718 386 flevit
751 345 1105 398 manantibusque
1138 344 1275 385 adhue
1310 344 1508 397 lacrimis,

154 408 268 446 veste
311 405 362 445 ab
408 419 478 446 ore
512 405 664 446 reiecta
707 405 757 445 ad
802 405 962 445 eaelum
1007 419 1157 445 manus
1198 404 1393 445 tendens:
1437 403 1505 444 ‘Di

154 464 310 519 patrii’‚
344 465 495 518 inquit,
529 465 728 518 ‘primum
768 464 867 504 mihi
899 463 1089 505 stabilite
1123 479 1312 520 regnum,
1347 463 1509 517 deinde,
1548 479 1562 504 n

154 525 188 565 si
228 525 278 566 de
319 539 384 565 me
423 524 504 565 iam
541 527 799 565 transactum
835 528 910 578 est7
942 539 1110 578 precor,
1152 539 1204 565 ne
1238 524 1332 578 quis
1366 523 1509 578 potius

154 584 280 625 Asiae
313 599 384 625 rex
427 584 481 625 sit
514 600 638 638 quam
676 585 754 625 iste
794 586 878 625 tam
916 584 1051 624 iustus
1085 583 1234 637 hostis,
1265 586 1351 624 tam
1388 583 1509 624 mise-

157 645 286 685 riom-s
320 644 482 686 vietor’.

94 707 137 741 XI
244 703 394 759 Itaque
438 718 696 758 quamquam
742 705 899 744 frustra
940 718 1042 758 pas-e
1088 704 1152 744 bis
1194 704 1327 757 petita
1370 702 1512 744 omnia
1533 703 1583 740 43

156 763 195 805 in
251 764 407 805 bellum
455 764 634 805 consilia
679 766 957 817 converterat,
1008 764 1144 804 victus
1190 766 1330 804 tamen
1378 763 1566 804 conti-10

154 825 299 865 nentia
338 824 476 865 hostis
517 823 567 864 ad
612 838 744 864 novas
784 824 900 878 pavis
941 823 1210 864 condic-iones
1250 822 1443 864 ferendas
1483 834 1511 862 x

155 884 332 939 legatos,
372 886 651 937 cognatorum
693 884 919 938 principes,
958 883 1092 924 misit:
1133 898 1238 936 quos
1272 881 1514 924 Alexander

109 954 127 984 2
157 944 337 985 consilio
371 943 577 984 advocato
612 943 821 984 introduci
858 943 991 984 iussit.
1056 942 1090 983 E
1120 943 1276 996 quibus
1303 942 1514 983 maximus

158 1007 277 1045 natu:
313 1003 545 1057 ‘Dareum'7
578 1003 731 1057 inquit,
764 1003 825 1044 ‘ut
854 1017 998 1057 pacem
1034 1018 1056 1043 a
1089 1006 1129 1043 te
1163 1003 1244 1043 iam
1280 1002 1361 1043 hoe
1388 1001 1514 1042 tertio

157 1066 337 1118 peteret,
380 1063 498 1104 nulla
542 1063 602 1104 vis
645 1063 827 1118 subegit,
871 1063 940 1103 sed
985 1063 1149 1103 iustitia
1189 1066 1260 1103 tua
1302 1065 1343 1103 et
1385 1061 1514 1102 conti·
1538 1076 1569 1100 15

111 1135 130 1163 3
158 1123 303 1164 nentia
330 1123 548 1178 expressit.
613 1122 807 1176 Matrem,
841 1123 1077 1177 coniugem,
1109 1122 1266 1163 liberos
1299 1122 1401 1175 eius,
1434 1120 1514 1161 nisi

158 1183 272 1237 quod
306 1183 396 1224 sine
430 1183 504 1224 illo
539 1185 655 1236 sunt,
696 1185 842 1237 captos
882 1197 971 1224 esse
1010 1197 1096 1223 non
1131 1181 1358 1222 sensimus:
1397 1180 1516 1236 pudi-

159 1243 282 1284 citiae
316 1258 473 1297 earum,
507 1258 614 1296 quae
642 1245 883 1297 supersunt,
917 1257 1058 1284 euram
1087 1241 1199 1282 haud
1234 1256 1354 1283 secus
1388 1255 1514 1294 quam

159 1318 310 1357 parens
344 1317 474 1359 agens
500 1303 670 1358 reginas
699 1303 902 1357 appellas,
935 1301 1118 1356 speeiem
1146 1301 1351 1355 pristinae
1385 1301 1515 1341 fortu-

111 1375 129 1404 4
161 1378 236 1404 nae
265 1363 446 1404 retinere
473 1363 641 1417 pateris.
706 1361 884 1403 Vultum
913 1365 1033 1403 tuum
1062 1361 1196 1415 video,
1225 1361 1362 1414 qualis
1390 1358 1516 1400 Darei
1538 1375 1571 1399 20

159 1423 254 1476 fuit,
288 1438 382 1463 cum
417 1422 728 1463 dimitteremur
767 1422 818 1463 ab
858 1436 924 1462 eo:
965 1424 1005 1462 et
1045 1422 1115 1462 ille
1149 1423 1290 1462 tamen
1330 1434 1518 1472 uxorem,

160 1486 205 1524 tu
253 1483 418 1524 hostem
468 1482 599 1538 luges.
675 1481 761 1523 Iam
812 1482 854 1522 in
900 1482 986 1522 acie
1033 1484 1176 1534 stares,
1220 1480 1301 1521 nisi
1337 1495 1435 1522 eura
1478 1482 1518 1520 te

162 1542 404 1596 sepulturae
439 1543 527 1583 eius
562 1545 807 1583 moraretur.
872 1540 1040 1595 Ecquid
1067 1541 1220 1582 mirum
1255 1543 1329 1594 est,
1363 1540 1398 1580 si
1432 1543 1517 1580 tam

162 1602 214 1643 ab
249 1601 386 1643 amieo
419 1603 561 1643 animo
594 1616 742 1656 pacem
781 1601 917 1656 petit?
980 1600 1090 1650 Quid
1131 1615 1235 1655 opus
1277 1603 1339 1641 est
1379 1598 1519 1651 armis,

115 1673 134 1701 5
164 1662 274 1702 inter
299 1677 405 1716 quos
433 1662 530 1702 odia
551 1661 718 1703 sublata
739 1662 866 1702 sunt?
929 1660 1067 1701 Antea
1090 1660 1269 1715 imperio
1296 1662 1370 1700 tuo
1391 1659 1516 1699 finem
1540 1673 1573 1698 ‘25

163 1721 403 1763 destinabat
428 1720 586 1775 Halym
620 1736 801 1774 amnem,
835 1720 905 1775 qui
936 1720 1112 1774 Lydiam
1144 1719 1361 1760 terminat:
1395 1732 1520 1770 nune,

163 1781 371 1836 quidquid
424 1782 534 1822 inter
588 1780 912 1836 Hellespontum
967 1783 1008 1820 et
1054 1778 1300 1833 Euphraten
1353 1781 1426 1830 est,
1478 1777 1518 1817 in

116 1840 306 1882 odotem
346 1840 459 1882 filiae
500 1842 635 1894 offert,
675 1856 800 1895 quam
846 1840 920 1881 tibi
963 1840 1102 1880 tradit.
1166 1838 1330 1880 Ochum
1370 1836 1520 1889 filium,

164 1915 288 1954 quem
323 1900 466 1954 habes,
500 1902 615 1955 pacis
650 1903 691 1941 et
724 1900 821 1941 fidei
856 1899 1046 1941 obsidem
1079 1899 1225 1952 retine,
1267 1900 1443 1938 matrem
1481 1900 1519 1936 et

163 1960 266 2001 duas
301 1961 487 2015 virgines
521 1961 631 2001 filias
669 1960 813 2001 redde:
853 1975 930 2014 pro
971 1959 1107 2000 tribus
1141 1957 1390 2011 corporibus
1425 1967 1518 1995 xxx
1541 1970 1575 1994 30

117 2031 134 2061 7
164 2020 282 2060 milia
309 2021 516 2061 talentum
545 2021 634 2061 auri
663 2022 861 2074 precatur
886 2018 1081 2072 aeeipias.
1145 2016 1241 2057 Nisi
1268 2015 1518 2057 moderatio-

261 2153 279 2182 3
301 2149 629 2194 manantibusque}
651 2148 890 2182 manantibus
905 2150 930 2180 B
946 2160 1056 2191 impr.
1127 2151 1145 2180 4
1163 2146 1224 2191 Di}
1247 2145 1298 2179 dii
1319 2149 1355 2180 F.
1425 2148 1444 2177 ι’)
1467 2144 1521 2178 in-

165 2197 262 2242 quit}
290 2197 421 2241 inquid
448 2201 483 2231 F.
570 2196 751 2241 stabilito}
773 2195 907 2229 stabile
929 2199 954 2228 F
977 2207 1018 2229 m.
1035 2206 1104 2239 pr,
1127 2193 1334 2227 stabilitate
1355 2196 1380 2226 P
1403 2205 1444 2226 m.
1462 2204 1519 2236 pr.

167 2249 183 2279 7
208 2241 267 2280 rex
290 2244 353 2290 sit]
375 2245 471 2278 rexit
485 2249 511 2277 F
527 2258 568 2278 m.
586 2257 643 2288 pr.
660 2248 685 2277 P
701 2257 743 2278 m.
762 2255 818 2287 pr.
903 2248 938 2276 11
967 2242 1218 2286 condic-iones]
1240 2240 1472 2274 conditiones
1488 2244 1520 2273 C.

168 2297 209 2326 15
238 2298 311 2327 tua
334 2293 472 2326 addidi.
560 2296 601 2326 18
628 2292 744 2336 haud]
766 2291 837 2325 aud
860 2294 884 2324 P
907 2304 947 2325 m.
964 2302 1022 2335 pr.
1105 2293 1148 2323 ⁶22
1175 2288 1335 2334 hostem]
1357 2289 1474 2321 ostem
1497 2291 1522 2320 F

167 2353 208 2375 m.
225 2352 284 2385 pr.
362 2345 404 2373 23
428 2339 571 2383 Ecquid
587 2343 622 2373 1:
645 2342 679 2373 ot
695 2339 785 2382 quid
801 2342 838 2371 Α,
917 2342 958 2372 26
981 2337 1114 2382 Halym
1133 2339 1284 2381 cuspus:
1307 2335 1393 2370 alim
1413 2338 1449 2368 A.

169 2388 339 2434 Lydiam]
367 2387 470 2432 lydia
497 2391 532 2431 P,
559 2387 699 2421 Indiam
728 2390 796 2420 ΕΙ..
897 2390 942 2421 28
969 2387 1096 2430 quaml
1123 2396 1189 2419 om.
1211 2388 1236 2417 P
1259 2397 1300 2418 m.
1317 2396 1375 2428 pr.
