1610 2522
56 465 70 490 5

38 761 70 786 10

40 1058 70 1083 15

37 1356 69 1379 20

332 98 667 134 HISTORIARUM
695 98 977 133 ALEXANDRI
1005 98 1098 140 VIII,
1127 103 1157 133 5.
1180 103 1211 133 6.
1362 98 1448 138 273

92 209 210 251 venit
242 210 419 250 occasio.
482 209 576 250 Mos
610 211 711 262 erat,
743 211 791 249 ut
823 223 951 261 supra
984 208 1146 249 dictum
1179 210 1255 261 est,
1296 207 1450 261 princi-

92 269 218 323 pibus
252 268 530 310 Macedonum
575 268 742 310 adultos
783 267 942 308 liberos
984 267 1157 322 regibus
1200 267 1364 308 tradere
1398 266 1449 307 ad

91 329 237 369 munia
270 328 382 369 haud
415 328 598 368 multum
632 327 856 369 servilibus
890 327 1135 368 ministeriis
1163 326 1448 368 abhorrentia.

89 387 373 429 Excubabant
417 387 594 428 servatis
640 387 829 428 noctium
871 386 1034 428 vicibus
1068 386 1251 440 proximi
1285 386 1448 427 foribus

91 447 182 488 eius
224 447 356 499 aedis,
400 448 444 488 in
478 461 560 500 qua
591 462 665 487 rex
698 446 1008 500 adquiescebat.
1071 445 1151 486 Per
1184 445 1259 486 hos
1292 447 1448 499 pelices

92 506 471 547 introducebantur
503 506 587 547 alio
621 506 749 558 aditu,
784 521 911 559 quam
946 520 1070 559 quem
1104 506 1256 546 armati
1285 506 1449 546 obside-

93 566 205 607 bant.
268 565 383 607 Idem
429 569 626 620 acceptos
666 566 717 606 ab
757 566 1014 620 agasonibus
1048 579 1200 618 equos,
1246 580 1342 606 cum
1376 580 1448 606 rex

91 639 343 666 ascensurus
383 628 513 678 esset,
558 625 842 666 admovebant
876 625 1276 678 comitabanturque
1310 627 1351 665 et
1384 640 1449 666 ve-

90 689 262 725 nantem
295 687 337 725 et
370 686 409 725 in
446 684 618 738 proeliis
652 684 851 726 omnibus
885 684 1049 725 artibus
1083 683 1320 725 studiorum
1346 683 1448 724 libe-

89 744 243 785 ralium
288 745 461 786 exculti.
540 743 801 798 Praecipuus
846 743 984 785 honor
1027 743 1282 797 habebatur,
1333 744 1482 797 quod-

90 803 245 844 licebat
277 803 521 844 sedentibus
554 804 666 844 vesci
701 818 796 844 cum
827 817 936 858 rege.
985 802 1232 857 Castigandi
1260 817 1332 844 eos
1359 818 1449 844 ver-

90 863 261 904 beribus
294 864 453 904 nullius
486 865 677 917 potestas
711 865 877 916 praeter
911 864 1051 917 ipsum
1085 865 1186 903 erat.
1239 862 1355 905 Haec
1382 877 1446 904 co-

90 922 189 963 hors
233 923 352 963 velut
395 923 668 964 seminarium
711 922 864 963 ducum
904 923 1303 976 praefectorumque
1336 922 1449 976 apud

90 981 344 1024 Macedonas
383 982 483 1023 fuit:
528 981 628 1023 hinc
671 982 855 1023 habuere
888 982 1048 1035 posteri
1081 997 1220 1037 reges,
1267 997 1446 1035 quorum

91 1042 214 1095 stirpi
257 1044 356 1095 post
401 1042 556 1083 multas
605 1044 763 1082 aetates
809 1041 991 1082 Romani
1042 1056 1143 1095 opes
1188 1041 1446 1082 ademerunt.

91 1099 229 1156 Igitur
261 1100 535 1154 Hermolaus,
567 1116 673 1155 puer
705 1101 863 1142 nobilis
896 1117 946 1141 ex
978 1101 1095 1155 regia
1127 1101 1319 1154 cohorte,
1353 1115 1447 1142 011111

90 1176 240 1214 aprum
283 1160 368 1201 telo
412 1164 678 1215 occupasset,
724 1175 848 1214 quem
886 1176 960 1201 rex
992 1160 1118 1201 ferire
1151 1161 1448 1214 destinaverat,

92 1221 209 1260 iussu
241 1220 330 1260 eius
363 1220 609 1261 verberibus
643 1220 835 1261 adfectus
869 1223 943 1260 est.
999 1219 1135 1269 Quam
1169 1220 1447 1275 ignominiam

91 1294 214 1334 aegre
246 1280 386 1320 ferens
420 1279 573 1321 deflere
603 1280 715 1333 apud
736 1279 977 1321 Sostratum
1006 1280 1156 1333 coepit.
1208 1279 1273 1319 Ex
1303 1280 1447 1320 eadem

91 1338 265 1379 cohorte
304 1342 393 1380 erat
427 1338 666 1393 Sostratus,
712 1354 853 1380 amore
895 1340 985 1379 eius
1025 1340 1194 1380 ardens:
1240 1339 1313 1392 qui
1353 1353 1447 1380 cum

89 1398 322 1439 laceratum
350 1413 516 1453 corpus,
551 1400 594 1439 in
621 1412 704 1452 quo
732 1398 963 1452 deperibat,
990 1399 1241 1451 intueretur,
1266 1399 1449 1439 forsitan

91 1457 192 1497 olim
232 1458 286 1498 ob
319 1458 447 1499 aliam
482 1473 651 1512 quoque
685 1472 853 1499 causam
886 1459 978 1513 regi
1010 1458 1210 1511 infestus,
1254 1459 1448 1499 iuvenem

91 1532 166 1557 sua
205 1520 354 1570 sponte
394 1518 477 1558 iam
517 1522 679 1558 motum
715 1517 811 1558 data
843 1517 926 1558 fide
935 1491 1216 1571 1²³acceptaque
1249 1517 1447 1572 perpulit,

90 1579 137 1616 ut
171 1576 390 1618 occidendi
423 1592 565 1632 regem
601 1578 827 1618 consilium
861 1591 1003 1617 secum
1036 1577 1174 1618 iniret.
1225 1576 1317 1618 Nec
1349 1593 1448 1631 pue-

37 1668 49 1676 1
90 1636 159 1675 rili
187 1636 347 1689 impetu
372 1651 458 1677 rem
471 1613 659 1677 C>executi
687 1639 802 1677 sunt:
837 1636 994 1690 quippe
1021 1638 1215 1677 sollerter
1241 1636 1449 1690 legerunt,

92 1709 198 1747 quos
230 1695 274 1735 in
307 1696 554 1737 societatem
583 1696 752 1737 sceleris
782 1695 1075 1736 adsciscerent.
1138 1695 1447 1749 Nicostratum,

91 1754 367 1808 Antipatrum
401 1755 841 1809 Asclepiodorumque
878 1759 919 1796 et
952 1754 1150 1796 Philotan
1185 1756 1346 1809 placuit
1380 1756 1447 1796 ad*

91 1815 217 1854 sumi:
262 1829 337 1867 per
370 1815 448 1855 hos
480 1815 633 1856 adiecti
666 1818 765 1855 sunt
798 1814 989 1855 Anticles
1023 1818 1064 1855 et
1096 1813 1374 1868 Aphthonius
1407 1818 1448 1856 et

89 1871 332 1926 Epimenes,
389 1873 583 1916 Ceterum
615 1874 803 1929 agendae
834 1874 894 1914 rei
928 1874 1040 1914 haud
1073 1889 1172 1915 sane
1204 1874 1344 1916 facilis
1377 1889 1446 1928 pa-

188 1983 203 2011 1
233 1978 482 2023 principibus]
509 1978 699 2023 princibus
726 1983 761 2012 P.
895 1983 914 2012 3
943 1979 1183 2013 abhorrentia
1210 1982 1235 2012 B
1266 1992 1308 2013 m.
1336 1990 1399 2014 sec.
1422 1984 1446 2012 L

90 2037 134 2061 m.
156 2036 239 2060 rec:
267 2026 507 2060 adhorrentia
526 2030 566 2060 A.
665 2030 684 2060 6
711 2026 1061 2072 introducebantur]
1094 2027 1401 2061 introducebatur
1421 2030 1446 2059 B

93 2085 134 2106 m.
153 2085 210 2116 pr.
329 2077 348 2106 6
376 2074 504 2119 quam]
532 2085 605 2117 qua
636 2078 672 2108 P.
799 2078 840 2107 13
868 2074 1123 2119 seminarium]
1161 2075 1383 2108 seminarum
1413 2078 1444 2107 c.

93 2124 134 2154 15
156 2121 264 2164 stirpi
284 2122 384 2166 post]
401 2121 579 2165 stirpibus
608 2126 640 2155 C.
702 2126 744 2156 16
761 2121 926 2167 cohorte]
942 2122 1124 2166 quohorte
1138 2126 1173 2155 P.
1234 2126 1274 2156 17
1298 2122 1445 2166 aprum]

91 2179 198 2211 prum
225 2171 260 2201 P.
322 2176 327 2181 ·
363 2172 406 2201 25
434 2169 602 2202 sollerter
628 2173 660 2203 1:
695 2169 849 2203 solerter
875 2172 912 2203 A.
1014 2174 1055 2202 26
1085 2170 1350 2214 adsciscerent]
1383 2170 1447 2202 ad-

92 2215 288 2249 scisserent
302 2220 337 2256 P,
354 2216 575 2250 ascisserent
589 2221 621 2250 C.
689 2221 731 2250 27
748 2216 988 2260 Antipatrum
1002 2221 1034 2251 1:
1055 2217 1323 2261 anticipatrum
1335 2220 1373 2250 A.

92 2262 282 2307 Philotan]
308 2263 489 2307 phylotan
516 2268 552 2298 F.
686 2268 730 2297 ‘28
758 2266 794 2297 et
821 2264 1058 2308 Aphthonius
1091 2266 1237 2308 scripsi:
1278 2264 1445 2307 013111110-

92 2310 174 2342 nius
201 2313 237 2351 P,
264 2310 474 2354 elaptonius
502 2316 534 2345 C.
635 2315 677 2344 ⁵29
706 2311 903 2355 Epimenes
930 2313 1066 2346 Aldus:
1094 2311 1310 2355 ephimanes
1335 2315 1373 2344 A.

93 2357 210 2402 haud]
237 2357 329 2391 haut
353 2361 378 2390 P
401 2370 442 2392 m.
459 2370 530 2403 pr„
556 2359 631 2392 hau
657 2363 681 2391 L
702 2371 746 2392 m.
767 2371 820 2403 ρν.

165 2424 302 2448 (Ὂκτιυε
323 2423 429 2448 Βυπε
451 2423 495 2448 ed.
516 2423 696 2449 Hedicke.
734 2424 790 2449 Ed.
813 2425 916 2449 maior.
1190 2421 1231 2451 18

1477 220 1495 248 [ὗ

1477 1886 1518 1915 10
