1610 2522
102 233 121 261 4

104 411 123 440 5

107 647 126 677 6

107 766 124 795 7

107 943 126 974 8

87 1300 130 1330 10

88 1479 129 1509 11

149 111 235 152 334
652 108 692 151 Q.
720 108 863 144 CURTI
889 108 1002 143 RUFI

151 221 369 262 toritatem
423 219 557 273 ipsius
608 217 904 272 sequebantur.
986 217 1099 259 Huic
1152 217 1282 259 Biton
1334 217 1505 271 quidam

153 279 339 320 nationis
381 278 587 331 eiusdem,
629 277 701 319 sed
743 277 797 318 ob
837 277 1165 319 aemulationem
1198 277 1379 318 infestus
1412 290 1508 318 con-

152 339 317 393 paravit
366 337 542 378 insidias
585 338 898 390 invitatumque
938 336 989 377 ad
1031 336 1179 390 epulas
1221 350 1296 391 per
1338 335 1506 378 Boxum

152 397 361 452 quendam
395 396 671 438 Bactrianum
704 397 748 437 in
781 395 976 437 convivio
1010 396 1176 437 occidit.
1233 394 1410 436 Postero
1444 394 1509 435 die

152 457 351 499 contione
393 456 597 496 advocata
628 455 728 496 Bito
770 456 885 496 ultro
927 454 1174 497 insidiatum
1208 454 1290 495 sibi
1323 454 1510 495 Atheno-

153 517 303 557 dorum
348 516 564 570 plerisque
609 517 894 568 persuaserat:
939 514 1013 555 sed
1051 515 1144 555 aliis
1183 517 1380 568 suspecta
1421 516 1510 554 erat

151 576 268 617 fraus
313 575 500 627 Bitonis,
545 577 587 615 et
630 574 834 628 paulatim
881 574 925 614 in
967 573 1111 628 plures
1157 574 1299 627 coepit
1339 586 1510 614 manare

155 635 353 689 suspicio.
416 633 566 688 Itaque
600 632 745 674 Graeci
785 633 943 675 milites
975 648 1093 674 arma
1125 633 1299 687 capiunt
1331 632 1511 674 occisuri

155 694 366 747 Bitonem,
399 694 434 735 si
466 696 636 734 daretur
669 693 857 734 occasio:
899 696 1084 735 ceterum
1117 693 1332 746 principes
1364 706 1510 732 eorum

154 755 258 795 iram
301 752 591 794 multitudinis
633 752 948 807 mitigaverunt.
1018 751 1190 792 Praeter
1231 766 1350 805 spem
1393 765 1510 792 suam

152 814 282 855 Biton
327 813 541 867 praesenti
583 812 773 866 periculo
816 815 986 865 ereptus
1021 812 1150 865 paulo
1188 814 1289 865 post
1319 814 1375 852 est
1412 809 1513 851 insi-

155 873 296 914 diatus
328 872 575 914 auctoribus
612 872 762 912 salutis
795 886 905 912 suae.
971 870 1101 912 Cuius
1133 869 1232 911 dolo
1266 869 1438 925 cognito
1471 872 1514 911 et

154 934 295 986 ipsum
341 931 739 985 conprehenderunt
781 935 822 972 et
862 930 1039 971 Boxum.
1115 928 1312 970 Ceterum
1345 928 1513 969 Boxum

155 991 352 1046 protinus
378 991 540 1046 placuit
568 990 763 1045 interfici,
795 989 993 1030 Bitonem
1022 989 1150 1030 etiam
1176 1003 1252 1042 per
1277 988 1512 1030 cruciatum

154 1053 305 1093 necari.
368 1050 544 1104 Iamque
577 1050 745 1104 corpori
779 1051 993 1090 tormenta
1025 1048 1377 1101 admovebantur,
1416 1061 1511 1088 cum

157 1109 304 1152 Graeci
345 1135 400 1139 —
440 1110 668 1163 incertum,
714 1108 767 1149 ob
814 1123 940 1163 quam
986 1122 1155 1149 causam
1190 1133 1247 1136 —
1279 1106 1512 1161 lymphatis

157 1170 316 1212 similes
351 1169 404 1210 ad
436 1184 552 1210 arma
579 1169 832 1210 discurrunt.
883 1167 1074 1218 Quorum
1100 1166 1276 1208 fremitu
1303 1166 1514 1220 exaudito,

157 1231 229 1284 qui
262 1234 462 1284 torquere
484 1228 682 1269 Bitonem
717 1228 821 1269 iussi
855 1230 986 1279 erant,
1020 1228 1199 1268 omisere
1225 1227 1362 1278 veriti,
1394 1239 1446 1266 ne
1471 1199 1515 1266 id

156 1290 294 1331 facere
321 1288 678 1330 tumultuantium
706 1287 1009 1328 vociferatione
1035 1285 1374 1340 prohiberentur.
1425 1283 1514 1337 Ille,

157 1349 268 1389 sicut
301 1348 485 1389 nudatus
519 1350 620 1401 erat,
652 1347 846 1402 pervenit
879 1346 930 1387 ad
959 1346 1153 1398 Graecos,
1186 1348 1227 1385 et
1259 1343 1515 1386 miserabilis

156 1409 285 1450 facies
327 1407 541 1462 supplicio
582 1406 784 1447 destinati
823 1407 866 1446 in
900 1405 1114 1446 diversum
1147 1404 1310 1445 animos
1343 1407 1516 1457 repente

158 1467 358 1520 mutavit,
398 1467 644 1520 dimittique
676 1481 772 1507 eum
806 1466 1032 1506 iusserunt.
1094 1463 1189 1505 Hoc
1220 1463 1346 1506 modo
1380 1477 1517 1517 poena

159 1527 223 1568 015
256 1527 461 1567 liberatus
495 1540 591 1567 cum
625 1525 788 1590 ceteris,
824 1525 897 1578 qui
931 1524 1120 1565 colonias
1153 1538 1176 1564 a
1206 1537 1306 1578 rege
1339 1522 1518 1564 attribu-

157 1589 222 1627 tis
254 1586 533 1639 reliquerunt,
565 1585 740 1626 revertit
772 1585 816 1624 in
841 1583 1036 1638 patriam.
1088 1582 1204 1623 Haec
1233 1583 1345 1624 circa
1364 1581 1517 1622 Bactra

159 1650 201 1687 et
233 1644 489 1699 Scythaium
522 1645 727 1686 terminos
760 1647 891 1699 gesta.

256 1755 273 1784 1
303 1719 412 1783 Biton
433 1751 579 1794 scripsi:
607 1749 716 1782 bicon
743 1751 782 1782 A.
859 1752 877 1781 2
906 1747 1072 1782 eiusdem
1093 1751 1135 1780 P:
1165 1747 1243 1781 eius
1264 1750 1296 1779 C.
1379 1749 1400 1780 4
1427 1745 1517 1779 Bac-

160 1798 322 1832 trianum
338 1798 542 1832 Bentlews
564 1796 817 1830 maeerianum
832 1799 871 1830 A.
933 1795 986 1840 111]
1002 1806 1068 1829 om.
1084 1797 1119 1828 B.
1190 1798 1210 1827 ὃ
1231 1792 1417 1838 contione]
1433 1803 1517 1827 con-

161 1845 266 1880 cione
280 1848 319 1878 V
395 1844 479 1878 Bito
501 1845 710 1888 Zumptsmffi
733 1843 815 1878 bico
837 1846 875 1876 A.
945 1842 1056 1888 ultro]
1072 1842 1219 1876 ultraL.
1290 1845 1308 1874 6
1331 1840 1409 1886 sed]
1423 1851 1461 1874 se
1479 1843 1516 1873 L.

163 1897 179 1926 7
209 1892 324 1938 fraus]
353 1893 498 1926 11311005
524 1896 559 1925 P.
635 1891 780 1925 Bitonis
807 1891 1019 1934 Zumptzus:
1047 1889 1190 1923 biconis
1212 1893 1245 1929 c
1271 1888 1389 1922 bicois
1408 1891 1444 1921 P.

161 1940 300 1986 plures]
315 1939 436 1984 pleres
450 1943 475 1972 P
492 1951 534 1973 m.
544 1951 602 1984 pr.
654 1938 820 1984 manare]
835 1948 984 1972 manere
997 1941 1033 1971 P.
1085 1940 1104 1970 9
1120 1936 1290 1970 Bitonem
1305 1935 1516 1979 Zumptius:

162 1987 285 2022 biconi
313 1992 346 2024 G
374 1987 522 2021 bicoani
543 1990 578 2020 P.
654 1988 817 2019 ceterum
839 1985 1051 2020 Aeidalzus:
1080 1984 1248 2018 ceteriA
1253 2011 1259 2017 .
1337 1987 1376 2016 11
1406 1982 1517 2016 Biton

161 2036 307 2080 scripsi:
335 2034 445 2069 bicon
468 2037 504 2067 A.
600 2034 764 2078 ereptus]
792 2036 943 2076 eruptus
970 2035 996 2065 B
1026 2045 1067 2066 m.
1088 2043 1147 2076 pr
1239 2035 1301 2066 est
1319 2029 1518 2064 insidiatus

162 2083 307 2127 scripsi:
335 2082 585 2116 insidiatusA
555 2085 594 2115 A.
706 2084 748 2115 14
770 2080 939 2114 Bitonem
967 2080 1177 2124 Zumptius:
1212 2078 1381 2112 biconem
1406 2080 1446 2110 A.

163 2130 382 2175 cruciatum]
411 2130 612 2164 crutiatum
638 2132 672 2161 L.
769 2131 810 2162 16
839 2126 985 2173 Graeci]
1013 2126 1135 2171 graeti
1160 2130 1196 2160 L.
1295 2128 1335 2158 17
1363 2123 1517 2169 similes]

163 2177 297 2211 similis
324 2181 358 2211 P.
480 2180 520 2210 18
548 2176 719 2210 Bitonem
746 2175 956 2219 Zumptius:
985 2174 1152 2208 biconem
1180 2176 1219 2206 A.
1295 2172 1385 2206 iussi
1413 2173 1520 2205 erant

163 2229 188 2258 L
218 2236 370 2259 111.νο0..
410 2224 596 2259 iusserant
627 2227 666 2257 A.
814 2226 857 2255 20
889 2221 1113 2256 miserabilis
1146 2225 1180 2254 1:
1213 2219 1444 2254 miserabiles
1477 2222 1517 2252 A.

164 2276 205 2306 21
235 2272 435 2317 supplicio]
457 2271 637 2316 supplitio
657 2275 693 2304 L.
769 2273 812 2303 22
840 2268 1068 2314 dimittique]
1091 2267 1287 2311 dimitique
1307 2270 1447 2300 BFPV.

163 2320 298 2365 poena]
325 2330 422 2363 pena
447 2323 482 2353 P.
607 2322 650 2352 23
677 2317 750 2363 015]
782 2316 869 2351 bilis
895 2320 930 2349 P.
1057 2315 1274 2361 attributas]
1309 2313 1519 2348 adtributas

165 2370 274 2407 BFL.
302 2366 512 2400 adtributos
540 2370 564 2399 P
587 2378 627 2400 m.
649 2377 703 2410 pr.
828 2368 871 2398 24
898 2363 1012 2409 Haec]
1040 2374 1083 2398 ec
1109 2367 1145 2397 P.

1532 769 1566 794 10

1533 1064 1567 1090 15

1535 1361 1569 1386 ²0
