1610 2522
46 457 60 481 5

28 753 61 778 10

36 917 58 952 2

28 1050 60 1074 15

26 1345 60 1370 20

28 1641 60 1666 25

149 94 189 136 Q.
219 92 362 129 CURTI
388 93 501 128 RUFI
530 92 861 127 HISTORIARUM
890 92 1172 126 ALEXANDRI
1200 92 1242 135 X,
1271 96 1301 126 1.
1353 93 1435 133 351

82 203 260 244 moriam
289 203 417 245 occisi
444 217 519 257 per
546 202 642 243 illos
664 201 969 255 ParmenioniS,
997 201 1110 255 quod
1137 202 1314 242 tacitum
1342 216 1438 267 pro-

82 262 201 303 desse
234 262 316 303 reis
350 262 461 328 apud
495 276 637 315 regem
667 263 849 315 poter,at
882 260 1159 302 intuebantur
1183 261 1285 301 laeti
1312 261 1439 302 recci-

81 321 193 363 disse
220 322 323 362 iram
353 322 396 362 in
424 322 508 362 irae
535 321 755 362 ministros
776 334 852 361 nec
873 322 1002 361 uuam
1024 320 1260 374 potentiam
1284 320 1438 361 scelere

83 381 316 434 quaesitam
345 381 543 434 cuiquam
570 394 659 420 esse
687 380 942 420 diutur.nam
995 379 1086 420 Rex
1113 380 1285 435 cognita
1311 394 1436 421 causa
1466 391 1483 420 7

80 440 376 494 pronuntiavit
420 440 471 481 ab
517 439 833 480 accusatoribus
879 453 1009 480 unum
1054 442 1096 479 et
1129 439 1171 479 id
1203 439 1435 480 maximum

82 499 238 540 crimen
281 514 369 541 esse
407 499 703 553 praeteritum,
749 498 1087 552 desperationem
1126 498 1275 539 salutis
1319 513 1436 539 suae:

80 573 313 613 numquam
366 559 478 600 enim
528 557 630 598 talia
671 572 865 610 ausuros,
918 558 990 611 qui
1035 557 1176 611 ipsum
1222 572 1273 598 ex
1316 556 1438 598 India

82 618 286 672 sospitem
327 621 400 658 aut
438 620 656 672 optassent
697 617 851 658 reverti
886 621 957 658 aut
991 617 1270 658 credidissent
1301 631 1436 658 rever-

82 692 238 718 surum.
302 676 440 731 Igitur
472 676 549 717 hos
583 676 752 730 quidem
787 676 936 730 vinxit,
969 688 1029 717 DC
1062 680 1204 717 autem
1238 677 1436 729 militum,
1464 688 1483 718 8

82 737 155 789 qui
197 737 395 777 saevitiae
439 751 584 777 eorum
625 736 812 776 ministri
852 736 1038 789 fuerant,
1080 736 1262 777 interfici
1300 736 1436 777 iussit.

82 795 243 836 Eodem
289 796 354 836 die
400 798 617 849 sumptum
663 798 725 836 est
770 795 1026 849 supplicium
1073 795 1122 836 de
1160 796 1212 836 iis
1255 809 1436 849 quoque,
1464 808 1483 837 9

82 869 188 908 quos
221 859 413 896 auctores
441 854 692 897 defectionis
720 854 943 895 Persarum
966 853 1163 895 Craterus
1191 855 1425 895 adduxerat

169 913 295 955 Haud
337 914 472 955 multo
519 916 616 968 post
654 913 875 956 Nearchus
917 917 958 955 et
1002 912 1282 965 Onesicritus,
1330 929 1436 968 quos
1464 926 1507 957 10

81 973 252 1028 longius
292 974 334 1014 in
369 972 582 1015 Oceanum
615 974 841 1027 procedere
874 973 1072 1027 iusserat,
1118 974 1434 1028 superveniunt.

80 1031 349 1074 Nuntiabant
382 1036 521 1074 autem
557 1032 762 1086 quaedam
797 1033 957 1087 audita,
1003 1033 1086 1073 alia
1118 1036 1336 1087 conperta:
1376 1033 1436 1074 in·
1464 1045 1504 1076 11

81 1093 217 1132 sulam
263 1092 372 1133 ostio
418 1093 552 1133 amnis
595 1092 803 1133 obiectam
843 1107 945 1133 auro
989 1092 1219 1143 abundare,
1266 1093 1435 1147 inopem

81 1165 287 1204 equorum
321 1166 411 1192 esse
445 1177 497 1180 —
534 1152 726 1207 singulos
761 1166 830 1192 eos
865 1155 1143 1206 conpererant
1177 1152 1227 1192 ab
1261 1152 1325 1201 iis,
1363 1153 1434 1205 qui

80 1225 129 1251 ex
175 1211 409 1252 continenti
451 1212 629 1252 traicere
668 1211 888 1265 auderent,
933 1211 1114 1266 singulis
1147 1212 1319 1252 talentis
1353 1212 1435 1252 emi

81 1294 148 1323 —-,
191 1270 365 1324 plenum
405 1285 495 1311 esse
533 1270 754 1311 beluarum
798 1285 931 1311 mare:
976 1274 1096 1312 aestu
1141 1271 1325 1312 secundo
1366 1286 1434 1311 eas
1464 1284 1505 1313 12

79 1328 179 1369 ferri
206 1344 454 1384 magnarum
483 1330 656 1370 navium
684 1344 863 1384 corpora
889 1333 1130 1383 aequantes,
1157 1330 1284 1372 tubae
1308 1333 1435 1371 cantu

81 1387 302 1429 deterritas
341 1389 460 1442 sequi
494 1389 672 1430 classem
707 1404 801 1430 cum
834 1403 990 1444 magno
1024 1390 1219 1443 aequoris
1253 1390 1434 1443 strepitu

80 1446 197 1487 velut
238 1447 428 1489 demersa
468 1448 639 1503 navigia
681 1449 843 1489 subisse
885 1464 1027 1503 aquas.
1093 1448 1242 1490 Cetera
1282 1449 1434 1490 incolis
1464 1461 1505 1491 13

82 1506 365 1560 crediderant,
406 1508 517 1548 inter
558 1522 681 1561 quae:
724 1507 919 1549 Rubrum
961 1523 1075 1549 mare
1114 1523 1200 1549 non
1239 1524 1262 1548 a
1296 1510 1434 1550 colore

80 1565 308 1619 undarum,
353 1569 400 1606 ut
432 1567 622 1620 plerique
656 1567 890 1621 crederent,
923 1568 996 1608 sed
1029 1568 1081 1608 ab
1114 1567 1303 1622 Erythro
1336 1583 1435 1623 rege

81 1625 306 1678 appellari:
345 1640 434 1667 esse
470 1625 585 1666 haud
626 1627 775 1680 procul
808 1642 830 1667 a
864 1627 1100 1668 continenti
1133 1626 1316 1668 insulam
1349 1627 1436 1681 pal-
1464 1639 1506 1669 14

178 1780 194 1809 1
223 1776 492 1823 Parmenionis]
518 1778 793 1822 parmoenionis
814 1783 845 1812 C.
928 1783 946 1813 2
974 1779 1062 1825 reis]
1089 1780 1187 1824 regis
1212 1784 1249 1813 P.
1323 1780 1435 1814 recci-

81 1823 178 1857 disse
206 1828 243 1857 c:
272 1824 447 1858 recidisse
467 1829 527 1858 PF
547 1837 591 1859 m.
609 1838 666 1870 pr.
766 1830 785 1859 3
813 1826 850 1859 in
877 1826 970 1872 irae]
997 1827 1091 1861 inire
1114 1831 1149 1861 P.
1239 1831 1257 1861 6
1286 1826 1434 1872 salutis]

81 1870 232 1905 salustis
246 1875 282 1905 L.
358 1875 375 1905 7
399 1873 567 1919 ausuros]
589 1885 741 1907 ausuras
756 1877 793 1907 P.
863 1878 882 1908 9
906 1874 1036 1920 vinxit]
1051 1874 1195 1909 uincxit
1209 1878 1245 1908 P.
1316 1879 1356 1908 11
1372 1875 1433 1920 iis]

80 1917 111 1951 is
137 1922 170 1951 P.
286 1923 327 1952 13
354 1919 479 1965 Haud]
507 1920 598 1954 haut
617 1925 653 1954 P.
763 1925 804 1955 15
832 1921 1084 1967 Nuntiabant]
1111 1922 1341 1956 nunciabant
1361 1926 1433 1955 FV.

82 1969 124 1998 16
146 1966 265 1999 amnis
287 1966 469 2001 obiectam
490 1967 705 2010 Schelj'erus:
734 1968 834 2002 amni
854 1969 1060 2004 subiectam
1076 1972 1114 2003 A.
1190 1969 1381 2004 abundare
1400 1973 1433 2003 1:

79 2012 296 2047 habundare
312 2017 353 2047 A.
415 2018 455 2047 17
473 2015 731 2061 conpererant]
747 2018 993 2060 conparerant
1006 2020 1044 2059 B,
1060 2020 1310 2061 conpeperant
1326 2021 1361 2050 F.

80 2059 142 2105 iis]
170 2061 241 2093 hiis
268 2065 300 2094 C.
399 2061 571 2108 traicere]
603 2063 804 2097 traicerent
823 2068 858 2097 P.
967 2067 1011 2098 20
1036 2064 1125 2098 ferri
1151 2068 1184 2097 I:
1219 2064 1297 2097 fieri
1324 2067 1362 2097 A.

80 2107 192 2141 tubae
218 2108 394 2143 Sebi'szus:
421 2109 518 2143 truci
544 2113 582 2143 A
676 2114 718 2144 21
748 2109 922 2157 strepitu]
948 2111 1088 2155 trepitu
1114 2115 1150 2146 P.
1247 2116 1290 2145 22
1316 2111 1434 2157 velut]

81 2153 192 2187 uelud
219 2159 245 2187 P
267 2168 307 2189 m.
324 2167 382 2199 pr
493 2160 535 2191 23
563 2157 660 2191 inter
685 2169 780 2201 quae
796 2185 897 2192 .....
914 2159 1120 2204 crederent]
1150 2171 1215 2193 om.
1236 2162 1273 2198 P,
1302 2160 1339 2192 in
1365 2171 1435 2203 quo

82 2212 128 2235 vs.
145 2204 187 2235 23
211 2203 246 2235 in
271 2204 439 2238 vocabalo
460 2204 695 2239 crediderant
716 2206 833 2240 limem
856 2217 878 2240 a
897 2218 940 2240 επ
955 2217 973 2240 e
991 2217 1080 2241 corr.
1102 2211 1161 2241 est.
1232 2210 1274 2239 23
1297 2206 1432 2251 colore]

81 2247 199 2282 colere
226 2252 251 2282 B
272 2261 316 2284 m.
331 2262 390 2294 pt.
412 2255 438 2283 F
457 2263 502 2285 m.
518 2263 576 2296 p).
598 2255 623 2284 L
644 2264 687 2286 m.
703 2264 763 2296 pr.
863 2257 906 2287 24
934 2254 996 2299 ab]
1024 2253 1097 2287 hab
1124 2257 1160 2287 P.
1259 2253 1433 2298 Erythro]

81 2295 218 2329 erithro
241 2301 272 2330 c
373 2302 415 2331 25
443 2298 641 2344 appellari]
669 2299 824 2343 apellari
846 2304 886 2334 V.
985 2301 1101 2346 haud]
1129 2303 1193 2334 aut
1219 2304 1254 2334 P.
1353 2300 1434 2344 pal-

81 2343 188 2377 metis
218 2344 386 2379 Medius:
414 2346 581 2389 palmitis
607 2350 644 2389 P
670 2347 806 2390 palmis
833 2352 866 2380 G.
