1610 2522
48 762 80 785 10

373 100 705 136 HISTORIARL'M
732 101 1015 135 ALEXANDRI
1042 101 1118 143 vn,
1147 106 1177 135 4.
1369 102 1451 142 217

100 209 221 251 Licet
254 213 472 250 strenuum
507 213 667 251 metum
689 212 813 264 putes
835 225 936 264 esse,
969 210 1155 251 velocior
1182 213 1325 252 tamen
1359 226 1454 264 spes

101 272 175 310 est.
239 268 349 317 Quin
381 269 601 310 validioris
635 284 816 323 occupas
850 270 1029 324 gratiam
1065 269 1266 324 dedisque
1299 274 1358 322 te,
1392 273 1454 311 utv
1483 282 1525 311 16

102 342 282 382 cumque
309 329 494 381 cesserit,
526 328 746 370 meliorem
771 329 988 370 fortunam
1022 329 1189 370 deditus
1223 344 1349 383 quam
1382 330 1454 372 ho-

102 388 179 428 stis
206 387 458 429 habiturus?
502 387 702 430 Ahenum
724 388 853 429 habes
879 402 1071 444 regnum,
1099 403 1182 442 quo
1210 388 1378 430 facilius
1405 404 1453 430 eo
1483 401 1525 430 17

102 461 254 489 careas.
311 446 495 501 Incipias
528 447 707 488 forsitan
740 448 877 489 iustus
911 462 1000 488 esse
1032 462 1117 502 rex,
1152 462 1247 489 cum
1273 449 1365 502 ipse
1398 450 1453 489 fe-

101 507 217 560 cerit,
250 506 323 560 qui
355 506 435 548 tibi
468 509 509 547 et
542 506 639 548 dare
672 510 812 560 potest
844 522 1022 562 regnum
1056 510 1097 548 et
1129 508 1302 561 eripere.
1349 507 1455 549 Con-
1482 518 1526 550 18

102 565 243 606 silium
276 565 406 606 habes
439 566 579 619 fidele,
622 566 735 620 quod
768 566 928 608 diutius
961 568 1113 620 exequi
1144 581 1454 621 supervacuum

101 627 175 666 est.
213 624 384 666 Nobilis
418 640 551 679 equus
585 625 732 666 umbra
753 640 922 680 quoque
954 626 1099 681 virgae
1130 626 1306 681 regitur,
1337 628 1454 682 igna-

100 698 177 724 vus
209 699 262 724 ne
295 685 448 726 calcari
482 684 651 738 quidem
685 686 889 727 concitari
920 686 1088 739 potest.⁷
1127 685 1282 726 Bessus
1322 689 1364 726 et
1395 686 1456 727 in-
1484 697 1527 727 19

101 744 226 799 genio
270 746 310 785 et
353 745 489 785 multo
531 759 647 785 mero
693 744 813 785 ferox
856 745 959 786 adeo
1006 745 1176 798 exarsit,
1220 749 1267 786 ut
1300 745 1371 786 vix
1403 745 1455 786 ab

100 803 265 856 amicis,
310 818 394 858 quo
428 804 568 844 minus
602 803 812 846 occideret
847 818 965 858 eum,
1006 829 1062 833 ——
1094 819 1193 845 nam
1226 805 1456 846 strinxerat

101 876 269 916 quoque
302 863 517 904 acinacem
549 888 606 892 —
638 863 938 905 contineretur.
974 863 1096 905 Certe
1130 864 1327 906 convivio
1360 879 1455 918 pro-

101 921 219 962 siluit
250 921 579 977 haudquaquam
617 925 769 976 potens
802 923 967 964 mentiS.
1026 922 1215 964 Gobares
1248 925 1359 964 inter
1390 926 1454 965 tu-

101 982 283 1022 multum
318 982 484 1035 elapsus
516 981 569 1022 ad
601 981 892 1023 Alexandrum
925 982 1169 1038 transfugit.

189 1052 270 1081 VIII
318 1040 437 1081 milia
479 1040 803 1082 Bactrianorum
846 1041 1032 1083 habebat
1081 1045 1243 1083 armata
1287 1042 1455 1083 Bessus.
1483 1054 1529 1084 2ο

101 1098 215 1148 Quae
242 1100 444 1154 quamdiu
465 1103 641 1155 propter
667 1101 768 1142 caeli
796 1101 1093 1156 intemperiem
1119 1100 1284 1143 Indiam
1311 1101 1455 1156 potius

100 1158 351 1200 Macedonas
384 1161 593 1213 petituros
627 1160 908 1214 crediderant,
942 1161 1215 1203 oboedienter
1247 1161 1457 1216 imperata

102 1218 309 1260 fecerunt:
352 1221 582 1273 postquam
621 1220 847 1260 adventare
879 1220 1170 1262 Alexandrum
1206 1223 1455 1275 conpertum

101 1280 175 1330 est,
207 1277 252 1318 in
284 1292 383 1318 suos
417 1278 595 1333 quisque
628 1279 745 1321 vicos
784 1279 938 1334 dilapsi
970 1279 1147 1321 Bessum
1180 1281 1454 1334 reliquerunt.

46 1357 60 1379 -.=
100 1335 178 1378 Ille
211 1352 306 1377 cum
347 1337 565 1379 clientium
597 1354 744 1390 manu,
787 1340 860 1393 qui
897 1354 984 1380 non
1017 1343 1286 1380 mutaverant
1317 1339 1458 1393 fidem,
1480 1351 1523 1380 21

102 1394 192 1437 Oxo
227 1411 348 1438 amne
382 1400 580 1451 superato
614 1398 860 1452 exustisque
891 1398 1094 1453 navigiis,
1129 1398 1284 1453 quibus
1322 1401 1455 1440 trans-

101 1456 225 1508 ierat,
264 1471 315 1497 ne
354 1456 486 1498 isdem
518 1456 655 1498 hostis
688 1460 895 1511 uteretur,
932 1472 1064 1499 novas
1098 1460 1241 1512 copias
1274 1458 1318 1499 in
1352 1457 1456 1513 Sog-

101 1514 237 1556 dianis
270 1515 558 1556 contrahebat.

189 1573 431 1616 Alexander
463 1573 696 1617 Caucasum
732 1576 915 1629 quidem,
948 1579 995 1617 ut
1028 1591 1154 1630 supra
1187 1576 1346 1618 dictum
1381 1580 1455 1630 est,
1483 1588 1526 1619 22

47 1652 75 1676 2-
102 1633 338 1687 transierat,
370 1634 442 1675 sed
474 1634 618 1689 inopia
643 1635 846 1676 frumenti
873 1650 1041 1690 quoque
1068 1650 1201 1690 prope
1226 1636 1280 1676 ad
1299 1636 1455 1677 famem

101 1695 275 1733 ventum
314 1695 416 1733 erat.
489 1692 598 1736 Suco
644 1709 695 1735 ex
739 1696 892 1736 sesima
940 1709 1138 1749 expresso
1183 1695 1296 1736 haud
1336 1710 1456 1737 secus
1483 1707 1528 1737 23

102 1766 229 1805 quam
262 1752 354 1793 oleo
388 1755 504 1794 artus
531 1754 868 1809 perunguebant,
901 1754 974 1796 sed
1005 1754 1132 1796 huius
1160 1755 1249 1796 suci
1282 1754 1455 1797 ducenis

102 1811 384 1867 quadragenis
405 1812 588 1853 denariis
615 1813 846 1867 amphorae
867 1813 1070 1868 singulae,
1103 1813 1240 1855 mellis
1275 1814 1456 1856 denariis

199 1980 215 2008 1
244 1975 419 2022 velocior]
446 1976 606 2010 uelotior
630 1980 701 2010 PV.
786 1982 804 2011 2
831 1977 1009 2023 gratia-m]
1036 1978 1158 2022 gratia
1183 1982 1223 2011 V.
1303 1982 1323 2012 4
1350 1978 1454 2012 habi-

101 2023 206 2056 turus
233 2024 374 2058 Lauer:
408 2023 602 2058 habituros
628 2027 668 2057 A.
785 2029 804 2058 ὁ
831 2025 994 2069 Incipias
1025 2027 1172 2069 scripsi:
1206 2025 1389 2069 incipiens
1415 2028 1456 2059 A.

103 2072 123 2104 8
150 2069 323 2116 ignavus]
349 2071 482 2116 ignaus
501 2075 526 2104 1.
547 2084 590 2106 m.
606 2083 666 2115 pr.
745 2076 786 2105 10
813 2072 873 2106 vix
893 2076 926 2106 1:
953 2072 1010 2106 uis
1031 2076 1070 2106 A.
1148 2078 1188 2106 11
1217 2073 1403 2107 occideret
1422 2077 1455 2106 1:

104 2117 295 2151 occederet
322 2122 355 2159 c,
382 2118 575 2153 accederet
600 2122 636 2152 P.
735 2119 951 2165 strinxerat]
981 2120 1155 2154 strixerat
1175 2124 1212 2154 F.
1312 2124 1353 2154 12
1383 2120 1455 2154 aci-

105 2165 250 2210 nacem]
271 2165 487 2200 achinacem
506 2170 543 2199 P.
614 2170 655 2199 13
672 2166 836 2200 Gobares
857 2167 1002 2212 Stangll:
1026 2166 1184 2202 Cobares
1204 2171 1244 2201 A.
1315 2171 1356 2201 21
1380 2167 1457 2202 Oxo

104 2213 245 2246 Lauer:
273 2224 357 2246 mox
383 2217 422 2247 A.
531 2217 573 2247 ‘22
600 2212 735 2259 isdem]
762 2213 895 2248 iisdem
921 2217 1026 2248 BLV.
1134 2214 1347 2261 Sogdianis]
1375 2227 1456 2260 sag-

105 2259 226 2292 dianis
253 2263 292 2293 V.
367 2265 410 2294 25
436 2260 589 2307 famem]
616 2260 739 2295 famen
760 2265 797 2304 P,
823 2261 948 2295 f*a*1'n
967 2265 1002 2295 L.
1079 2266 1121 2296 26
1150 2262 1284 2297 sesima
1309 2263 1455 2306 scripsi:

105 2317 246 2341 sesema
274 2310 312 2340 A.
420 2307 536 2354 haud]
563 2310 605 2342 ut
630 2311 666 2341 P.
773 2313 814 2342 ⁵27
842 2309 1128 2353 perunguebant
1154 2311 1295 2344 Lauer:
1323 2321 1457 2354 perun-

104 2353 244 2398 guebat
270 2357 384 2398 BFV,
410 2355 665 2399 perugssuebat
693 2359 729 2397 L,
756 2356 980 2401 perurgebat
1007 2360 1043 2389 P.
