1610 2522
89 935 107 963 (i

91 1233 107 1242 ι-

96 1244 103 1262 t

92 1769 110 1797 ἓ)

134 99 219 140 258
637 103 677 142 Q.
706 100 848 135 cuaTI
875 100 988 135 Ruri

135 211 391 249 servatorem
426 209 491 249 sui
530 210 727 250 occisum.
773 208 1036 250 Detestabile
1068 209 1276 250 carnificis
1302 210 1489 252 ministe-

133 267 241 309 rium
277 271 556 322 occupaverat
588 283 677 322 reX,
722 269 947 310 verborum
981 269 1217 321 licentiam,
1250 284 1357 323 quae
1389 269 1488 311 vino

135 330 302 381 poterat
341 328 547 381 inputari,
588 328 771 369 nefanda
810 328 934 369 caede
976 328 1102 369 ultus.
1166 328 1367 370 Manabat
1398 332 1488 370 toto

136 386 347 427 vestibulo
380 400 506 427 cruor
537 387 665 441 paulo
693 390 790 428 ante
818 388 1036 428 convivae:
1070 388 1220 443 vigiles
1249 389 1421 429 attoniti
1449 391 1490 430 et

136 446 407 499 stupentibus
435 446 594 487 similes
621 448 770 500 procul
798 447 979 500 stabant,
1006 446 1333 501 liberioremque
1352 447 1492 502 paeni-

135 505 313 547 tentiam
360 505 547 547 solitudo
592 506 801 547 eliciebat.
864 506 979 561 Ergo
1019 506 1184 547 hastam
1225 522 1273 547 ex
1314 521 1491 561 corpore

135 565 310 606 iacentis
344 564 531 606 evolsam
565 566 736 607 retorsit
768 566 812 607 in
846 568 987 607 semet.
1042 565 1215 620 lamque
1248 566 1493 608 admoverat

134 625 310 678 pectori,
343 639 438 666 cum
472 625 674 666 advolant
707 625 859 680 vigiles
892 629 934 666 et
967 626 1223 681 repugnanti
1250 642 1271 666 e
1298 626 1491 667 manibus

136 686 394 738 extorquent
422 684 749 738 adlevatumque
772 686 813 725 in
835 685 1155 726 tabernaculum
1177 685 1381 726 deferunt.
1415 685 1492 727 Ille

134 743 254 784 humi
287 746 578 798 prostraverat
612 759 766 798 corpus
798 745 960 800 gemitu
988 744 1232 799 eiulatuque
1260 745 1489 786 miserabili

135 806 227 844 tota
260 806 515 857 personante
548 804 676 859 regia.
735 804 911 845 Laniare
945 804 1094 845 deinde
1127 818 1174 844 os
1208 804 1423 859 unguibus
1451 807 1493 845 et

136 863 456 904 circumstantes
490 878 652 917 rogare,
683 878 736 905 ne
770 878 812 904 se
844 866 964 905 tanto
996 864 1192 905 dedecori
1219 864 1492 918 superstitem

136 936 226 963 esse
271 925 529 976 paterentur.
591 921 707 964 Inter
750 923 827 964 has
868 937 1014 978 preces
1052 926 1143 964 tota
1180 937 1265 964 nox
1305 926 1494 965 extracta

136 984 210 1023 est.
263 982 629 1037 Scrutantemque,
661 997 764 1023 num
798 983 861 1023 ira
893 982 1068 1023 deorum
1101 983 1152 1024 ad
1179 986 1346 1024 tantum
1374 983 1492 1024 nefas

136 1044 255 1083 actus
309 1045 436 1095 esset,
490 1042 606 1082 subit
656 1042 990 1083 anniversarium
1037 1043 1292 1084 sacrificium
1338 1042 1491 1084 Libero

136 1101 254 1142 Patri
292 1116 379 1142 non
421 1115 513 1142 esse
545 1101 756 1142 redditum
790 1104 902 1142 stato
935 1105 1137 1156 tempore.
1201 1101 1349 1157 Itaque
1383 1102 1493 1144 inter

136 1161 281 1201 vinum
315 1164 357 1201 et
389 1161 535 1215 epulas
569 1161 695 1203 caede
725 1162 952 1203 commissa
979 1162 1083 1202 iram
1111 1161 1177 1202 dei
1203 1162 1334 1202 fuisse
1361 1162 1493 1202 mani-

135 1220 300 1261 festam.
367 1219 564 1261 Ceterum
596 1221 733 1276 magis
765 1235 813 1262 eo
846 1221 1114 1274 movebatur,
1154 1221 1267 1275 quod
1301 1222 1492 1262 omnium

136 1280 370 1321 amicorum
399 1281 562 1321 animos
590 1280 761 1321 videbat
787 1281 1010 1322 attonitos:
1038 1281 1248 1322 neminem
1276 1294 1371 1321 cum
1399 1281 1491 1335 ipso

137 1340 297 1381 sociare
340 1354 577 1381 sermonem
619 1343 770 1394 postea
811 1355 1032 1393 ausurum,
1064 1340 1291 1381 vivendum
1326 1355 1417 1382 esse
1448 1340 1493 1381 in

137 1398 368 1440 solitudine
401 1400 518 1440 velut
550 1400 661 1440 ferae
694 1399 854 1440 bestiae
887 1401 1064 1441 terrenti
1096 1400 1199 1441 alias
1229 1399 1492 1453 timentique.

137 1458 281 1500 Prima
325 1458 475 1499 deinde
519 1459 612 1500 luce
657 1459 932 1501 tabernaculo
978 1473 1150 1513 Corpus,
1202 1460 1312 1500 sicut
1356 1459 1493 1500 adhuc

137 1520 360 1559 cruentum
393 1520 500 1571 erat,
544 1518 669 1559 iussit
701 1518 859 1560 inferri.
923 1518 1015 1567 Quo
1048 1519 1189 1573 posito
1223 1522 1321 1560 ante
1352 1519 1492 1573 ipsum

136 1577 323 1618 lacrimis
358 1577 541 1618 obortis:
575 1577 740 1632 ‘Hanc',
775 1579 925 1632 inquit,
960 1578 1129 1619 ‘nutrici
1162 1593 1279 1620 meae
1311 1578 1492 1633 gratiam

139 1636 304 1689 rettuli,
348 1637 467 1677 cuius
508 1637 589 1678 duo
629 1638 706 1678 filii
749 1638 861 1692 apud
894 1637 1090 1679 Miletum
1123 1652 1198 1692 pro
1232 1652 1325 1678 mea
1357 1637 1494 1693 gloria

138 1696 373 1738 occubuere
406 1699 606 1751 mortem,
650 1697 719 1738 hic
757 1697 907 1750 frater,
952 1697 1122 1738 unicum
1155 1697 1353 1739 orbitatis
1387 1697 1491 1738 sola-

139 1756 270 1809 cium,
315 1771 338 1797 a
375 1770 442 1796 ine
485 1756 595 1797 inter
634 1755 780 1810 epulas
823 1757 986 1798 occisus
1026 1759 1101 1797 est.
1165 1756 1258 1806 Quo
1296 1770 1410 1798 nunc
1450 1771 1493 1797 se

139 1815 327 1857 conferet
358 1815 541 1857 misera?
592 1814 799 1856 Omnibus
834 1816 922 1857 eius
956 1831 1065 1856 unus
1099 1830 1332 1870 supersum,
1368 1829 1492 1870 quem

235 1984 254 2014 5
282 1980 438 2026 similes]
465 1979 596 2014 similis
623 1983 648 2013 P
667 1992 787 2024 impr.
911 1983 930 2013 6
958 1979 1133 2014 eliciebat
1159 1981 1304 2023 scripsi:
1332 1980 1490 2024 excipie-

140 2028 206 2061 bat
231 2031 270 2062 A.
371 2031 388 2061 7
416 2028 581 2073 retorsit]
608 2028 777 2061 retrorsit
801 2031 841 2070 V,
872 2028 1045 2062 ret*01⁴sit
1070 2031 1106 2062 P.
1208 2032 1250 2061 10
1277 2027 1492 2071 eiulatuque

153 2076 380 2110 Vindelimcs:
415 2075 657 2118 heiulatuque
684 2079 722 2108 A.
848 2080 887 2109 11
917 2076 1138 2119 personante
1168 2075 1335 2109 Modtus:
1369 2086 1493 2118 perso-

140 2134 232 2156 nans
259 2126 297 2156 A.
440 2127 482 2156 13
510 2123 624 2168 luter]
651 2123 689 2157 in
717 2126 748 2156 c.
892 2126 932 2155 16
961 2124 1058 2156 stato
1089 2123 1256 2157 Blotlius:
1286 2124 1426 2156 statuto
1453 2126 1490 2157 A.

142 2174 182 2204 17
212 2170 272 2203 dci
299 2174 330 2204 1:
359 2170 433 2203 diei
455 2173 494 2204 A.
594 2176 637 2204 *20
663 2170 877 2215 vivendum]
904 2170 1107 2204 uidendum
1132 2174 1168 2204 F.
1268 2174 1309 2203 21
1338 2170 1492 2204 terrenti

141 2217 233 2251 alias
259 2217 482 2261 timentique
509 2222 540 2251 1:
581 2218 734 2252 terrenti
767 2217 862 2252 alius
894 2217 1117 2261 timentique
1143 2221 1184 2260 P,
1217 2217 1373 2251 terrenti
1399 2216 1492 2251 alias

141 2265 231 2310 [alia
258 2264 299 2309 F]
327 2264 419 2299 alios
447 2265 555 2310 [alias
577 2266 618 2311 B]
644 2265 793 2299 timenti
820 2269 852 2299 C.
939 2268 983 2298 ‘24
1010 2265 1165 2310 obortis]
1192 2265 1359 2299 obhortis
1385 2268 1421 2299 P.

142 2313 293 2357 nutrici!
314 2313 457 2346 nutrice
471 2316 496 2345 P
516 2324 560 2347 m.
579 2325 636 2357 pr.
713 2318 756 2347 ‘25
777 2312 905 2347 rettuli
920 2316 952 2346 1:
974 2312 1085 2347 retuli
1100 2316 1138 2346 A.
1214 2312 1329 2357 apud]
1351 2314 1443 2356 aput
1456 2316 1491 2346 P.

143 2364 184 2392 26
207 2359 426 2404 occubuere}
442 2361 621 2394 occubere
633 2365 658 2393 P
679 2373 721 2394 m.
737 2372 792 2404 pr.
875 2366 918 2394 2¹8
940 2362 1120 2405 conferet]
1136 2360 1318 2395 conferret
1332 2362 1357 2392 B
1378 2371 1491 2404 vapr.

1514 762 1546 786 10

1514 1059 1545 1084 15

1513 1357 1546 1382 20

1515 1655 1547 1680 25
