1591 2493
157 95 201 128 Vl
693 93 964 127 PRAEFATIO

149 208 226 245 duo
265 208 359 245 folia
397 206 653 256 quaternaria
691 218 929 255 pergamena
971 206 1233 255 conplectitur
1270 208 1310 243 et
1347 205 1505 244 saeculo

150 267 300 304 decimo
335 269 498 304 exeunte
535 266 593 304 vel
633 265 840 304 undecimo
873 265 1032 303 incunte
1075 265 1219 303 litteris
1255 265 1506 316 carolingicis

151 327 252 364 binis
279 326 472 364 columnis
505 327 730 363 vicenorum
768 326 1050 374 quaternorum
1087 337 1269 363 versuum
1307 325 1508 375 eleganter

151 386 322 436 scriptus
361 388 480 435 atque
514 398 537 422 a
579 387 795 423 correctore
835 385 1060 434 recognitus
1099 386 1139 421 et
1185 383 1508 422 adnotationibus

152 449 292 483 auctus
319 447 388 483 est.
440 445 649 482 Praeterea
682 446 822 494 postea
856 443 1023 482 duorum
1057 444 1119 481 vel
1151 444 1273 481 trium
1303 444 1507 481 hominum

152 506 413 544 correctiones
441 507 560 554 atque
588 516 747 542 rasuras
773 516 980 553 perpessus
1008 505 1076 542 est.

242 564 370 603 Codex
399 564 674 612 Leidensis,
707 564 775 613 qui
807 576 910 601 nunc
936 563 976 600 in
1009 563 1248 601 bibliotheca
1283 562 1508 601 academiae

150 625 354 662 Leidensis
375 626 479 662 inter
499 623 652 662 codices
673 623 838 661 Latinos
859 624 1008 661 formae
1031 622 1249 672 quadratae
1271 623 1509 660 centesimus

152 685 373 722 tricesimus
406 684 596 733 septimus
624 685 698 731 est,
733 683 827 721 olim
860 685 1014 720 centum
1049 682 1216 732 triginta
1249 681 1375 719 tribus
1402 681 1509 720 foliis

152 744 401 794 pergamenis
429 744 623 794 oblongae
651 744 812 790 formae,
839 755 1007 791 quorum
1029 744 1197 790 utraque
1223 742 1371 791 pagina
1391 740 1510 779 unde-

151 804 392 841 tricenorum
425 816 609 841 versuum
637 804 712 849 est,
745 801 969 849 constabat,
1006 802 1072 839 sed
1107 813 1210 839 nunc
1237 801 1333 839 folio'
1366 800 1508 839 ultimo

153 864 288 902 avolso
317 864 420 901 lacer
447 865 516 911 est,
544 866 587 900 ut
610 862 719 900 Curti
747 862 876 900 verbis
897 862 931 899 X
962 864 1026 909 10,
1057 863 1107 899 16
1136 862 1339 899 dumtaxat
1358 861 1510 908 patien-

153 927 225 961 tem
252 924 417 961 desinat.
471 922 650 972 Scriptus
672 924 804 959 autem
831 924 891 959 est
911 921 1066 959 saeculo
1087 921 1238 958 decimo
1260 919 1509 970 carolingicis

153 984 388 1034 plerumque
424 983 568 1021 litteris
605 984 723 1031 atque
760 995 782 1019 a
814 983 1031 1019 correctore
1063 980 1290 1031 recognitus
1325 982 1365 1017 et
1391 979 1509 1018 adno-

154 1043 373 1081 tationibus
399 1044 634 1081 instructus:
667 1041 732 1079 sed
766 1041 977 1078 dolendum
1004 1043 1080 1088 est,
1114 1039 1219 1089 quod
1245 1042 1383 1089 postea
1410 1052 1512 1077 com-

155 1104 285 1153 plures
313 1103 490 1140 homines
512 1105 552 1140 et
577 1101 807 1151 corrigendo
829 1103 868 1138 et
888 1100 1105 1138 inducendo
1127 1102 1167 1138 et
1191 1099 1364 1138 radendo
1393 1098 1511 1136 verba

156 1163 378 1201 foedissime
407 1162 739 1200 deformaverunt.

246 1222 373 1260 Codex
410 1221 677 1269 Parisinus,
719 1222 788 1270 qui
825 1234 927 1257 nunc
962 1221 1002 1257 in
1037 1219 1277 1257 bibliotheca
1313 1217 1509 1257 nationali

154 1285 258 1321 int-cr
284 1282 436 1320 codices
462 1282 609 1319 latinos
636 1281 844 1330 quinquies
871 1279 1105 1318 millesimus
1138 1278 1510 1329 septingentesimus

155 1343 329 1380 decimus
361 1344 492 1379 sextus
526 1343 602 1389 est,
628 1340 735 1379 foliis
761 1339 946 1377 extremis
974 1339 1138 1387 avolsis,
1171 1341 1217 1375 ut
1245 1338 1354 1376 Curti
1383 1336 1512 1376 verbis

156 1403 201 1451 X,
223 1404 261 1449 8,
285 1403 336 1440 14
365 1403 560 1449 armisque
586 1400 780 1448 ponendis
799 1399 1022 1446 definiatur,
1049 1401 1206 1437 centum
1234 1397 1378 1448 viginti
1399 1399 1514 1446 quat-

156 1466 246 1500 tuor
283 1458 379 1499 folia
420 1473 659 1511 pergamena
702 1461 851 1498 formae
887 1459 1098 1510 oblongae,
1141 1470 1307 1506 quorum
1343 1458 1515 1506 utraque

156 1523 306 1573 pagina
332 1521 502 1559 tricenos
535 1520 713 1571 singulos
747 1532 880 1557 versus
913 1518 1050 1565 habet,
1086 1518 1341 1566 amplectitur
1367 1518 1407 1554 et
1432 1529 1516 1554 sae-

157 1583 245 1620 culo
273 1581 423 1619 decimo
450 1582 611 1618 ineunte
638 1579 784 1617 litteris
818 1578 1069 1629 carolingicis
1097 1590 1175 1616 non
1201 1576 1413 1614 admodum
1439 1575 1515 1614 ele-

157 1644 297 1693 ganter
323 1641 492 1689 scriptus
526 1643 647 1688 atque
680 1652 703 1676 a
729 1641 946 1676 correctore
979 1637 1208 1675 emendatus
1242 1638 1311 1674 est.
1362 1634 1513 1673 Deinde

158 1701 315 1739 saeculo
342 1701 492 1738 decimo
513 1701 656 1749 quarto
677 1698 797 1736 codex
818 1698 999 1747 plurimis
1021 1698 1116 1735 locis
1137 1696 1186 1733 ab
1210 1695 1366 1734 homine
1387 1694 1515 1742 docto,

158 1761 224 1811 qui
245 1760 376 1798 codice
398 1760 587 1798 Bernensi
608 1761 679 1796 aut
693 1759 778 1796 eius
793 1757 995 1795 simillimo
1016 1756 1213 1803 utebatur,
1227 1758 1266 1792 et
1285 1753 1516 1805 corrigendo

159 1823 197 1859 et
223 1820 444 1858 inducendo
470 1821 508 1857 et
535 1818 708 1857 radendo
741 1830 817 1855 non
845 1820 929 1855 tam
962 1816 1191 1854 emendatus
1224 1827 1340 1864 quam
1375 1813 1513 1862 depra-

160 1882 276 1918 vatus
305 1882 375 1917 est.

251 1939 380 1977 Codex
408 1939 690 1985 Vossianus,
737 1937 805 1986 qui
846 1949 947 1973 nunc
974 1934 1159 1986 Lugduni
1195 1934 1440 1971 Batavorum
1475 1933 1515 1969 in

161 1999 402 2037 bibliotheca
429 1997 655 2036 academiae
689 1998 792 2034 inter
825 1995 976 2034 codices
1003 1994 1165 2032 Latinos
1193 1992 1408 2031 Vossianos
1440 1991 1514 2030 for-

161 2072 246 2097 mae
281 2058 500 2107 quadratae
528 2057 737 2095 vicesimus
771 2059 847 2095 est.
881 2054 975 2093 olim
1012 2056 1202 2103 quattuor
1229 2055 1268 2090 et
1301 2052 1518 2101 nonaginta

162 2119 259 2156 folia
275 2118 530 2167 quaternaria
549 2129 798 2166 pergamena,
815 2128 980 2164 quorum
1002 2115 1171 2163 utraque
1187 2112 1334 2162 pagina
1347 2110 1517 2149 tricenos

162 2181 293 2216 ternos
314 2178 376 2215 vel
396 2177 567 2215 tricenos
588 2176 700 2214 binos
721 2187 855 2213 versus
883 2175 1069 2220 continet,
1097 2171 1424 2222 amplectebatur,
1450 2169 1518 2207 sed

163 2251 264 2275 nunc
291 2237 386 2275 folio
413 2239 585 2274 extremo
613 2239 731 2283 caret,
757 2237 802 2272 ut
829 2235 908 2271 iam
930 2232 1041 2270 Curti
1064 2232 1183 2270 verba
1209 2231 1243 2268 X
1267 2233 1331 2279 10,
1355 2230 1406 2267 13
1428 2228 1518 2266 inde

164 2310 186 2335 a
213 2308 433 2345 puryarrre
458 2307 597 2343 corpus
621 2295 766 2333 desint:
803 2294 974 2343 scriptus
1010 2295 1141 2330 aut-ern
1175 2293 1235 2329 est
1267 2288 1421 2328 saeculo
1454 2287 1517 2325 de-

163 2357 263 2395 cimo
303 2355 447 2394 litteris
483 2355 733 2405 carolingicis
766 2352 979 2392 admodum
1011 2352 1215 2402 eleganter
1246 2352 1286 2388 et
1316 2361 1340 2387 a
1371 2359 1518 2386 correc-
