1610 2522
154 95 239 136 ,⁵206
661 98 701 136 «ἑ.
729 94 872 128 CURTI
899 95 1010 129 RL'FI

155 219 295 259 regem
342 218 529 258 quoque,
575 218 659 245 non
700 205 941 246 contionem
984 204 1128 257 modo,
1174 204 1245 246 sed
1278 219 1389 246 unus
1422 208 1512 246 erat

155 263 422 316 inplacabilis
472 264 621 317 frater,
672 263 744 318 qui
791 263 973 304 terribili
1020 263 1140 304 vultu
1183 265 1352 306 intuens
1397 279 1510 305 eum:

155 321 309 375 ‘'I‘uni',
334 322 546 375 crelcwnat,
573 323 774 376 <demens,
800 322 1020 364 lacrimare
1042 323 1259 376 debueras,
1285 337 1380 364 cum
1401 338 1510 377 equo

154 381 331 422 calcaria
353 382 566 435 subderes,
587 382 766 423 fratrum
795 382 986 423 desertor
1006 385 1047 423 et
1074 382 1337 423 desertorum
1360 397 1510 424 comes.

154 440 296 495 Miser,
342 456 425 495 quo
459 444 500 482 et
532 441 644 482 unde
675 441 901 497 fugiebas?
951 441 1155 494 Effecisti,
1193 445 1241 482 ut
1272 456 1368 483 reus
1401 442 1511 497 capi·
1549 462 1564 486 5

107 514 122 542 τ
153 500 208 541 tis
250 502 509 542 accusatoris
547 504 689 542 uterer
730 501 897 542 verbis’.
961 500 1039 542 Ille
1070 515 1265 555 peccasse
1298 516 1387 543 sese
1419 516 1512 557 gra-

82 1345 123 1373 1«)

84 1525 116 1553 11

152 559 247 601 vius
287 561 329 600 in
367 561 520 602 fratres
556 575 683 614 quam
723 560 765 600 in
805 560 1081 614 semetipsum
1113 560 1339 602 fatebatur.
1402 560 1507 602 Tum

153 634 252 661 vero
304 634 440 674 neque
490 619 676 661 lacrimis
720 634 857 674 neque
902 619 1303 673 adclamationibus,
1355 620 1510 674 quibus

153 679 294 720 studia
331 694 407 720 sua
444 679 676 720 multitudo
716 679 960 733 profitetur,
997 682 1352 733 temperaverunt.
1414 679 1510 721 Una

153 753 234 779 vox
267 742 358 779 erat
389 739 481 793 pari
514 739 668 780 emissa
700 753 922 793 consensu,
963 741 1011 779 ut
1042 739 1285 780 insontibus
1318 742 1360 779 et
1391 739 1509 781 forti-
1531 760 1564 784 10

151 797 231 838 bus
270 798 372 839 viris
411 802 613 852 parceret.
676 797 816 840 Amici
856 813 1026 852 quoque
1065 798 1162 838 data
1195 798 1510 839 misericordiae

152 857 373 898 occasione
395 860 660 913 consurgunt
679 858 913 912 flentesque
934 872 1077 912 regem
1100 857 1391 912 deprecantur.
1432 857 1510 899 Ille

152 916 323 957 silentio
350 917 482 959 facto:
517 917 589 958 ‘Et
615 919 705 971 ipse
719 916 738 971 ',
771 917 923 971 inquit,
958 916 1191 971 ‘Amyntan
1224 932 1318 958 mea
1344 920 1509 958 senten-

150 976 211 1016 tia
243 977 481 1030 fratresque
514 978 603 1018 eius
634 976 822 1018 absolv0.
874 976 963 1018 Vos
990 979 1146 1030 autem,
1178 977 1364 1029 iuvenes,
1397 975 1508 1018 malo

152 1035 347 1077 beneficii
378 1036 463 1077 mei
497 1036 691 1077 oblivisci
724 1051 851 1090 quam
884 1035 1061 1091 periculi
1096 1036 1222 1077 vestri
1254 1036 1507 1077 meminisse.
1530 1056 1562 1081 15

153 1094 313 1136 Eadem
346 1095 429 1136 fide
460 1096 596 1136 redite
629 1096 673 1136 in
705 1096 887 1151 gratiam
920 1110 1098 1149 mecum,
1132 1110 1215 1150 qua
1247 1096 1336 1150 ipse
1372 1095 1508 1136 vobis·

151 1168 247 1195 cuni
280 1157 481 1197 revertor.
544 1155 658 1208 Nisi,
704 1170 810 1209 quae
844 1155 982 1196 delata
1015 1158 1173 1209 essent,
1217 1155 1508 1208 excussissem,

151 1213 313 1268 aliquid
345 1214 394 1255 de
428 1214 768 1257 dissimulatione
795 1229 887 1255 mea
914 1215 1119 1269 suspicari
1147 1215 1413 1268 potuissetis:
1447 1229 1509 1255 sa-

150 1273 236 1314 tius
268 1277 331 1315 est
362 1277 570 1330 purgatos
603 1289 693 1315 esse
720 1289 845 1328 quam
873 1276 1105 1328 suspectos,
1158 1272 1355 1329 Cogitate
1377 1274 1508 1315 nemi-

151 1347 247 1374 nem
275 1333 439 1375 absolvi
468 1349 605 1388 posse,
637 1334 720 1375 nisi
745 1334 818 1388 qui
839 1334 995 1374 dixerit
1015 1347 1195 1374 causam.
1248 1332 1324 1385 Tu,
1349 1332 1508 1387 Amyn·
1528 1352 1563 1377 20

151 1396 205 1446 ta,
237 1393 412 1448 ignosce
443 1394 567 1435 fratri
593 1396 679 1435 tuo.
730 1393 826 1434 Erit
852 1394 934 1435 hoc
961 1392 1213 1447 simpliciter
1239 1393 1367 1433 etiam
1401 1392 1507 1434 mihi

150 1451 416 1494 reconciliati
448 1453 579 1494 animi
612 1453 675 1494 tui
708 1453 893 1508 pignus'.

241 1510 448 1553 Contione
482 1512 631 1553 deinde
664 1512 839 1553 dimissa
864 1511 1175 1566 Polydamanta
1207 1512 1349 1552 vocari
1377 1511 1506 1552 iubet.
1531 1517 1549 1551 7

152 1571 298 1626 Longe
330 1572 653 1626 acceptissimus
686 1571 959 1613 Parmenioni
991 1574 1093 1624 erat,
1132 1571 1353 1624 proximus
1385 1570 1507 1612 lateri

250 1693 262 1721 1
294 1699 441 1732 quoque
468 1700 534 1723 om.
555 1692 592 1721 Ε.
669 1688 896 1733 contionem]
925 1688 1140 1722 concionem
1166 1691 1205 1721 V.
1285 1687 1366 1733 sed]
1393 1689 1449 1721 set
1468 1691 1506 1720 Ε.

152 1740 171 1767 3
199 1735 309 1780 Tum]
336 1737 377 1769 tu
397 1740 435 1769 E.
511 1736 733 1771 coeclamat
758 1737 903 1780 scripsi:
932 1736 987 1769 ait
1005 1738 1081 1769 ΔΕ.
1157 1739 1177 1767 4
1204 1734 1396 1780 subderes]
1423 1734 1506 1769 sub—

151 1783 305 1817 dederes
331 1787 366 1816 P.
443 1783 623 1829 desertor]
651 1784 795 1818 deserto
822 1787 861 1816 V.
937 1787 956 1816 6
983 1783 1172 1828 peccasse]
1199 1793 1370 1827 percasse
1396 1786 1434 1816 E.

154 1841 232 1864 sese
257 1831 406 1874 scripsi:
441 1842 478 1865 se
506 1831 570 1865 sed
598 1835 630 1874 c,
658 1841 736 1866 sese
763 1831 827 1865 sed
854 1835 890 1873 P,
919 1841 997 1864 sese
1025 1832 1080 1864 set
1105 1834 1143 1863 E.
1254 1833 1272 1863 ’ἲ
1301 1829 1506 1874 fatebatur]

152 1877 333 1912 fatebitur
352 1882 390 1912 E.
478 1882 498 1911 8
526 1878 677 1925 quibus]
699 1878 760 1921 qui
783 1882 860 1916 ΕΡ,
876 1883 959 1923 post
978 1879 1073 1912 hanc
1091 1889 1205 1912 vocem
1229 1878 1264 1911 in
1287 1881 1313 1910 F
1335 1878 1509 1911 inseritur

154 1930 238 1960 nota
270 1926 489 1971 ‘marginalis
514 1926 639 1960 studia
666 1938 731 1959 sua
758 1925 1039 1959 multitudinem
1060 1924 1397 1958 adclamationibus
1423 1935 1506 1968 pro-

153 1973 264 2010 fiteri.
306 1985 397 2017 quae.
434 1974 538 2008 verba
575 1985 665 2008 corr.
699 1975 795 2008 linea
829 1974 956 2008 delerit
994 1978 1025 2007 et
1062 1974 1099 2006 in
1134 1973 1296 2017 maryine
1332 1972 1506 2016 repetivit.

154 2026 195 2054 10
211 2021 309 2067 pari]
325 2021 424 2065 patri
437 2024 463 2054 B
478 2033 521 2056 mx.
532 2033 590 2065 pr.
662 2025 703 2054 1⁵2
720 2021 939 2066 flentesque]
960 2019 1186 2063 flectensque
1200 2023 1235 2052 P.
1311 2023 1352 2053 13
1369 2019 1505 2064 inquit]

152 2068 283 2112 inquid
303 2072 342 2102 V.
417 2069 621 2113 Amyntan]
643 2069 810 2102 amintam
832 2071 857 2101 B
880 2081 922 2102 m.
938 2079 996 2112 pr.
1018 2071 1097 2109 LV,
1119 2067 1297 2100 amintam
1319 2070 1355 2100 F.
1424 2077 1507 2101 mea

153 2117 232 2161 seu]
259 2117 317 2150 hie
342 2116 411 2150 des.
434 2120 471 2150 E.
555 2121 596 2149 15
625 2116 811 2161 beneficii]
837 2115 1003 2149 benefitii
1030 2119 1066 2147 F.
1150 2118 1191 2148 16
1217 2113 1352 2159 redite]
1383 2114 1507 2148 reddit

154 2163 186 2197 ei
208 2167 242 2197 P.
319 2163 495 2209 gratiam]
516 2164 680 2208 graciam
701 2167 739 2196 V.
812 2167 853 2196 17
882 2162 1020 2207 delata]
1042 2161 1119 2195 lata
1140 2165 1165 2195 P
1186 2174 1229 2196 m.
1245 2173 1304 2205 pr.
1377 2166 1418 2195 18
1440 2161 1506 2195 ali-

154 2211 243 2255 quid
272 2210 316 2245 de
344 2211 639 2245 dissimulatione
665 2222 748 2244 mea
774 2210 954 2254 suspicari
980 2209 1196 2254 potuissetis
1222 2210 1368 2253 scripsi:
1395 2208 1505 2243 ualde

154 2258 404 2292 dissimulatio
431 2269 513 2293 mea
540 2269 712 2303 superare
740 2259 923 2303 potuisset
949 2257 1012 2291 sed
1040 2260 1078 2291 A,
1164 2256 1296 2301 satius]
1325 2255 1445 2290 sacius
1465 2259 1505 2289 V.

155 2310 198 2340 20
220 2306 397 2351 Amynta]
420 2306 562 2340 aminta
577 2310 646 2339 FL.
723 2310 766 2339 23
788 2305 956 2350 dimissa]
977 2305 1090 2338 missa
1104 2308 1140 2337 F.
1216 2303 1505 2349 Polydamanta]

154 2352 411 2397 polidamanta
435 2357 466 2387 c.
567 2358 609 2387 ‘24
635 2353 881 2395 Parmenioni]
911 2351 1165 2396 parmoenioni
1193 2354 1263 2384 BF.
