1610 2522
164 91 248 132 254
665 92 705 130 Q.
734 88 874 122 CVRTI
904 88 1012 121 RUFI

164 201 291 254 capiti
336 200 446 254 regis
481 198 756 239 inminentem
790 196 932 251 gladio
966 196 1222 251 amputavit,
1270 199 1388 237 vetus
1422 194 1517 236 Phi-

164 260 268 314 lippi
304 260 423 299 iniles
459 258 687 311 multisque
723 256 884 298 bellicis
918 257 1118 310 operibus
1152 257 1300 297 clarus.
1366 254 1422 296 Et
1442 255 1518 296 La-

165 321 268 372 nice,
301 332 408 372 quae
429 317 718 358 Alexandrum
747 315 1008 368 educaverat,
1041 330 1160 357 soror
1187 316 1290 367 eius,
1320 315 1431 356 haud
1459 328 1519 355 se-

165 394 238 420 cus
285 392 410 432 quam
459 380 591 417 mater
629 392 652 416 a
692 390 789 430 rege
829 375 1097 430 diligebatur.
1162 373 1225 416 Ob
1262 374 1338 415 has
1371 388 1519 415 causas

166 437 469 479 validissimam
504 436 670 490 imperii
704 438 866 489 partem
897 434 995 475 fidei
1023 435 1113 475 eius
1140 435 1381 487 tutelaeque
1408 448 1518 474 com-

166 498 293 538 misit.
344 495 518 549 Ianique
552 496 632 536 iter
665 509 810 548 parare
842 494 884 534 in
911 498 1128 548 posterum
1157 494 1297 534 iussus
1324 492 1517 534 sollemni

166 561 206 598 et
251 555 505 610 tempestivo
551 554 776 596 adhibetur
816 554 1022 595 convivio.
1095 552 1144 594 In
1190 568 1273 607 quo
1313 568 1385 594 rex
1423 566 1517 593 cuni

167 617 301 657 inulto
341 615 588 657 incaluisset
628 628 763 666 mero,
809 613 1046 655 inmodicus
1079 613 1327 654 aestimator
1361 610 1426 652 sui
1458 625 1519 652 ce-

166 676 340 729 lebrare,
368 689 475 728 quae
502 678 703 728 gesserat,
731 674 882 726 coepit,
913 673 1054 727 gravis
1082 673 1209 713 etiam
1238 686 1384 713 eorum
1412 671 1519 712 auri-

166 735 261 788 bus,
305 735 378 789 qui
417 734 655 775 sentiebant
688 747 785 773 vera
818 734 1054 773 memorari.
1119 731 1344 773 Silentium
1378 735 1518 772 tamen

167 795 351 836 habuere
385 794 584 845 seniores,
619 793 750 833 donec
772 791 963 846 Philippi
989 806 1056 833 res
1083 805 1204 832 orsus
1232 791 1422 832 obterere
1448 804 1519 831 no-

168 856 293 896 bilem
340 853 450 908 apud
494 852 782 893 Chaeroneam
828 851 1050 892 victoriam
1096 851 1159 892 sui
1206 851 1346 905 operis
1390 849 1521 891 fuisse

166 915 341 957 iactavit
372 913 699 966 ademptamque
732 910 813 952 sibi
840 911 1109 965 malignitate
1135 914 1176 951 et
1203 909 1361 951 invidia
1388 908 1521 964 patris

166 977 309 1015 tantae
341 974 401 1014 rei
435 972 627 1028 gloriani.
691 969 817 1012 Illum
851 970 1022 1024 quidem
1055 970 1263 1011 seditione
1296 968 1407 1009 inter
1436 967 1522 1009 Ma-

166 1034 346 1075 cedones
372 1032 531 1073 milites
571 1035 612 1073 et
645 1028 826 1072 Graecos
860 1030 1172 1070 mercennarios
1205 1032 1298 1070 orta
1330 1028 1520 1069 debilita-

166 1096 256 1134 tum
308 1094 494 1141 vulnere,
545 1090 657 1144 quod
708 1090 752 1130 in
803 1104 850 1130 ea
900 1089 1243 1130 consternatione
1293 1090 1523 1142 acceperat,

167 1153 356 1204 iacuisse,
384 1166 470 1192 non
497 1151 578 1192 alia
605 1164 649 1190 re
677 1164 802 1203 quam
832 1149 1101 1190 simulatione
1128 1148 1278 1189 mortis
1300 1146 1522 1188 tutiorem:

168 1228 211 1254 se
245 1227 399 1266 corpus
432 1211 523 1252 eius
554 1209 792 1265 protexisse
826 1209 962 1262 clipeo
996 1222 1084 1261 suo,
1116 1211 1373 1261 ruentesque
1406 1206 1448 1247 in
1478 1206 1523 1247 il-

168 1274 255 1313 lum
289 1287 364 1313 sua
397 1285 523 1311 manu
558 1270 730 1310 occisos.
782 1267 897 1317 Quae
930 1272 1093 1322 patrem
1125 1281 1360 1321 numquam
1387 1279 1522 1320 aequo

167 1333 308 1373 animo
342 1345 431 1372 esse
464 1330 718 1381 confessum,
752 1328 930 1368 invitum
966 1327 1054 1368 filio
1088 1327 1311 1368 debentem
1344 1326 1522 1367 salutem

169 1406 299 1433 suam.
361 1389 504 1443 Atque
537 1392 635 1444 post
673 1387 1007 1442 expeditionem,
1039 1401 1166 1440 quani
1201 1387 1291 1427 sine
1323 1399 1372 1426 eo
1405 1385 1523 1426 fecis-

169 1454 232 1493 set
265 1451 354 1505 ipse
388 1450 432 1490 in
464 1448 652 1503 Illyrios,
691 1447 896 1488 victorem
932 1446 1150 1500 scripsisse
1184 1459 1226 1487 se
1259 1445 1371 1499 patri
1403 1443 1523 1485 fusos

168 1512 425 1565 fugatosque
469 1509 631 1550 hostes:
685 1521 762 1548 nec
806 1506 993 1546 adfuisse
1037 1520 1217 1559 usquam
1262 1503 1522 1558 Philippum.

169 1570 312 1611 Laude
345 1569 496 1625 dignos
530 1582 637 1620 esse,
683 1580 768 1607 non
801 1566 875 1619 qui
908 1564 1230 1607 Samothracum
1265 1563 1386 1605 initia
1419 1564 1523 1604 vise-

170 1633 275 1679 rent,
308 1644 403 1670 cum
425 1627 572 1668 Asiam
606 1627 669 1667 uri
704 1626 946 1678 vastarique
979 1627 1207 1679 oporteret,
1237 1623 1309 1664 sed
1339 1637 1424 1675 eos,
1450 1622 1523 1676 qui

169 1688 464 1743 magnitudine
506 1701 646 1728 rerum
679 1685 805 1726 fidem
839 1685 1174 1726 antecessissent.
1237 1682 1352 1724 Haec
1385 1685 1426 1724 et
1457 1681 1524 1722 his

170 1749 325 1790 similia
358 1747 457 1789 laeti
490 1746 659 1787 audiere
694 1746 883 1797 iuvenes,
921 1745 1088 1800 ingrata
1121 1742 1361 1784 senioribus
1394 1744 1525 1793 erant,

268 1930 284 1959 1
313 1922 494 1968 Philippi]
522 1921 693 1966 phylippi
714 1924 753 1956 V.
839 1924 858 1954 2
886 1919 931 1953 Et
953 1919 1087 1953 Lanice
1110 1920 1254 1963 scripsi:
1283 1917 1464 1952 hellanice
1485 1920 1524 1950 A.

171 1979 189 2007 fi
218 1973 364 2018 parare]
392 1981 521 2015 parere
547 1974 582 2004 P.
659 1968 846 2013 sollemni]
873 1967 1027 2001 solemni
1053 1969 1079 1999 B
1104 1979 1146 2000 m.
1162 1978 1221 2010 pr.
1243 1969 1346 1999 LPV.
1424 1970 1443 1997 ὃ
1472 1964 1525 1997 in-

171 2021 353 2065 modicus]
380 2018 586 2053 inmodicos
612 2021 647 2051 P.
747 2020 766 2049 9
795 2015 976 2060 gesserat]
1003 2015 1154 2048 iesserat
1181 2017 1217 2047 P.
1319 2016 1360 2046 10
1388 2022 1524 2046 memo-

171 2069 260 2114 rari]
287 2066 491 2101 memoraui
518 2070 552 2099 P.
664 2069 703 2098 11
733 2063 914 2107 obterere]
942 2062 1128 2096 obtem-ere
1155 2064 1229 2094 PV.
1341 2064 1382 2094 12
1410 2058 1525 2093 Chae-

172 2128 321 2151 roneam
344 2114 630 2149 Freinshemius:
660 2122 851 2145 ceroneam
879 2113 907 2143 A
934 2111 1142 2155 {cei-eneam
1162 2110 1216 2154 V]
1320 2111 1359 2141 1ῖ
1388 2106 1462 2141 alia
1487 2118 1526 2140 re

172 2165 381 2208 Zumptius:
422 2161 514 2195 alias
541 2164 579 2194 A.
715 2158 905 2202 tutiorem]
938 2157 1117 2191 tuciorem
1143 2160 1181 2189 V.
1320 2159 1360 2188 18
1388 2154 1525 2199 clipeo]

172 2211 303 2255 clypeo
330 2214 365 2244 P.
467 2213 508 2242 21
537 2209 659 2251 Atque
684 2207 828 2250 scripsi:
857 2205 985 2248 itaque
1011 2208 1050 2238 A.
1150 2202 1440 2247 expeditionem]
1467 2213 1525 2236 ex-

171 2259 361 2303 peditione
388 2261 423 2290 P.
544 2259 587 2289 22
614 2254 776 2298 Illyrios]
803 2252 934 2286 illirios
963 2256 984 2285 c
1103 2255 1145 2284 23
1175 2250 1407 2295 Philippum]
1434 2249 1526 2294 phy-

172 2306 316 2350 lippum
342 2309 376 2338 L.
489 2308 533 2337 24
559 2302 708 2347 dignos]
736 2300 916 2346 dedignos
945 2303 975 2333 C,
1083 2298 1380 2343 Samothracum]
1407 2307 1525 2331 samo-

171 2353 367 2388 thrachum
390 2356 411 2384 c
439 2350 729 2397 {samotrachum
753 2349 808 2393 V]
909 2351 952 2381 26
981 2346 1089 2380 fidem
1115 2358 1180 2381 om.
1202 2349 1240 2380 V.

1543 748 1574 772 10

1544 1045 1575 1070 15

1544 1342 1578 1367 20

1545 1638 1577 1663 :25
