1610 2522
88 226 128 256 17

89 404 130 434 18

88 762 128 790 1‘.)

159 109 244 148 38ss
661 108 700 149 Q.
729 106 872 142 CURTI
903 107 1011 141 RUFI

157 217 429 259 inducturum
457 216 572 269 sein
600 219 852 258 recusantes.
904 215 1143 270 Stupebant
1163 214 1378 269 inproviso
1398 215 1510 258 malo

157 277 332 332 pedites,
364 290 439 317 nec
472 276 569 330 plus
597 276 639 316 in
667 276 759 330 ipso
780 274 996 331 Meleagro
1023 277 1114 316 erat
1139 277 1212 316 aut
1239 274 1403 316 consilii
1438 278 1512 317 aut

157 336 298 377 animi.
362 335 639 377 Tutissimum
679 350 729 376 ex
767 334 1061 389 praesentibus
1099 333 1325 375 videbatur
1366 348 1511 389 expec-

158 399 246 437 tare
280 396 422 449 potius
456 409 581 449 quam
616 408 784 435 movere
815 395 1040 435 fortunam.
1091 393 1200 435 Tum
1228 393 1436 447 Perdicca,
1465 396 1513 435 ut

158 457 374 509 torpentes
407 457 448 495 et
481 454 688 495 obnoxios
722 453 845 508 vidit,
881 465 976 495 XXX
1008 454 1112 508 fere,
1145 453 1216 508 qui
1250 452 1511 509 Meleagrum
1549 469 1564 494 5

159 516 449 569 erumpentem
489 528 537 554 ex
572 514 787 567 contione,
832 528 938 567 quae
970 513 1108 568 prima
1141 512 1288 554 habita
1319 515 1382 554 est
1414 514 1513 568 post

158 577 338 615 mortem
360 573 606 628 Alexandri,
637 573 770 614 secuti
802 576 932 626 erant,
964 587 988 613 a
1020 573 1170 614 ceteris
1202 572 1406 613 discretos
1433 571 1512 613 ele-

158 633 330 688 phantis
369 633 413 674 in
454 635 684 688 conspectu
722 633 854 674 totius
893 633 1101 673 exercitus
1134 631 1276 673 obicit.
1339 629 1511 673 Omnes-

158 708 238 747 que
270 692 490 734 beluarum
523 692 702 747 pedibus
735 691 883 733 obtriti
911 694 1009 733 sunt
1034 706 1112 733 nec
1137 691 1391 746 prohibente
1413 690 1511 731 Phi-

156 752 274 807 lippo
325 766 402 793 nec
453 755 641 793 auctore:
692 751 1006 806 adparebatque
1056 750 1098 791 id
1142 751 1267 792 modo
1312 765 1388 805 pro
1435 764 1565 792 suom

157 812 482 865 vindicaturum,
510 811 623 865 qnod
651 810 926 866 adprobasset
951 813 1137 852 eventus.
1183 809 1277 852 Hoc
1303 810 1511 851 bellorum

158 872 347 913 civilium
403 870 707 912 Macedonibus
758 873 799 911 et
844 885 969 913 omen
1018 873 1060 911 et
1108 869 1367 924 principium
1419 869 1511 910 fuit.

157 931 368 987 Meleager
401 945 492 972 sero
526 930 742 972 intellecta
774 930 921 971 fraude
951 929 1174 971 Perdiccae
1207 931 1296 970 tum
1330 928 1512 983 quidem,

158 992 256 1045 quia
302 991 434 1045 ipsius
481 990 647 1045 corpori
693 990 756 1031 vis
801 1004 886 1031 non
932 989 1217 1042 adserebatur,
1262 989 1304 1029 in
1343 989 1512 1044 agmine

159 1052 327 1104 quietus
361 1050 491 1104 stetit,
524 1050 595 1090 sed
627 1064 725 1090 mox
760 1049 957 1090 damnata
990 1063 1062 1103 spe
1095 1049 1255 1102 salutis,
1294 1062 1388 1089 cum
1422 1048 1512 1089 eius
1534 1063 1565 1089 15

157 1111 346 1163 nomine,
386 1124 510 1164 quem
543 1110 633 1164 ipse
665 1109 823 1150 fecerat
855 1123 1015 1163 regem,
1055 1108 1099 1149 in
1130 1108 1361 1162 perniciem
1394 1122 1511 1149 suam

158 1169 372 1211 abutentis
405 1169 567 1210 videret
600 1169 806 1222 inimicos,
839 1168 1032 1223 confugit
1063 1168 1106 1208 in
1140 1167 1347 1222 templum
1381 1181 1429 1209 ac
1460 1181 1512 1207 ne

158 1230 239 1270 loci
273 1229 442 1283 quidem
477 1229 682 1284 religione
715 1228 910 1269 defensus
944 1227 1162 1269 occiditur.

249 1289 451 1330 Perdicca
476 1288 679 1343 perducto
708 1288 750 1328 in
777 1288 925 1329 urbem
945 1287 1131 1328 exercitu
1158 1287 1379 1327 consilium
1400 1285 1513 1340 prin-
1533 1287 1584 1322 30

159 1349 299 1403 cipum
333 1363 448 1390 vnoi
454 1363 519 1389 um
552 1347 714 1400 habuit,
746 1347 790 1388 in
819 1361 903 1401 quo
930 1347 1153 1401 imperium
1183 1346 1242 1386 ita
1268 1345 1399 1387 dividi
1426 1344 1512 1399 pla·
1533 1361 1567 1386 20

158 1409 255 1461 cuit,
289 1410 336 1448 ut
367 1423 440 1448 rex
468 1407 636 1462 quidem
665 1421 868 1448 summam
900 1406 989 1447 eius
1018 1406 1241 1459 obtineret,
1274 1407 1511 1471 satrapeam

157 1467 429 1509 Ptolomaeus
462 1466 651 1523 Aegypti
691 1469 731 1507 et
763 1466 931 1507 Africae
970 1466 1180 1521 oentium,
1225 1478 1331 1519 quae
1368 1464 1411 1505 in
1453 1463 1513 1504 di-

159 1527 278 1568 010110
312 1529 447 1568 erant:
481 1526 756 1567 Leomedonti
787 1524 910 1580 Syria
942 1539 1036 1566 cum
1062 1524 1274 1566 Phoenice
1308 1523 1405 1565 data
1435 1525 1512 1575 est,

161 1586 352 1628 Philotae
386 1585 534 1627 Cilicia
573 1585 799 1639 destinata,
843 1585 1017 1640 Lyciam
1059 1599 1154 1626 cuni
1188 1582 1440 1638 Pamphylia
1471 1585 1513 1624 et

157 1646 319 1687 Maiore
352 1645 541 1701 Phrygia
575 1645 765 1687 obtinere
797 1646 936 1686 iussus
968 1643 1231 1699 Antigonus,
1268 1644 1311 1684 in
1345 1641 1510 1683 Cariam
1532 1657 1565 1683 25

257 1755 273 1785 1
303 1762 339 1785 se
365 1751 403 1784 in
424 1751 636 1784 recusantes
657 1753 682 1783 B
703 1761 810 1785 corin:
839 1749 895 1784 sin
915 1751 1128 1784 recusantes
1150 1753 1181 1790 S,
1209 1748 1287 1783 sine
1307 1749 1451 1782 recutes
1471 1750 1510 1789 V,

158 1811 195 1833 se
222 1799 259 1832 in
291 1800 461 1833 recuntes
487 1801 512 1831 B
540 1810 583 1832 m.
606 1810 677 1842 pr„
705 1809 741 1832 se
778 1798 815 1832 in
848 1799 993 1832 rccutes
1019 1800 1089 1830 FL.
1237 1799 1256 1828 2
1284 1796 1349 1829 aut
1380 1795 1510 1841 animi]

157 1847 256 1880 anmi
279 1851 309 1880 S.
408 1850 428 1880 5
455 1858 526 1880 xxx
554 1847 757 1880 Bcntlcius:
787 1858 849 1879 ccc
870 1849 908 1879 A.
1008 1848 1027 1878 6
1055 1844 1243 1889 contione]
1271 1842 1446 1878 concione
1471 1845 1510 1876 V.

162 1899 201 1929 11
231 1894 345 1939 quod]
373 1904 445 1937 quo
473 1898 504 1927 C.
632 1898 671 1927 12
700 1893 942 1938 principium]
968 1892 1190 1936 printipium
1216 1895 1251 1924 L.
1377 1894 1419 1924 15
1446 1889 1509 1924 sed

157 1943 302 1986 scripsi:
336 1943 373 1976 et
399 1945 437 1975 A.
552 1944 592 1974 16
621 1941 782 1985 nomine]
819 1941 991 1975 anominc
1019 1944 1039 1973 S
1072 1952 1114 1973 m.
1134 1951 1193 1983 pr.
1290 1937 1508 1983 perniciem]

158 1989 356 2034 pernitiem
390 1993 420 2023 S.
534 1992 574 2022 17
609 1988 814 2034 abutentis]
847 1987 1062 2022 abeucentis
1091 1990 1130 2020 V.
1241 1988 1282 2020 18
1314 1984 1509 2030 religione]

158 2037 346 2083 relegione
372 2040 432 2070 BL
454 2048 565 2081 111-μ’.
582 2039 621 2069 V.
697 2035 887 2081 defensus]
911 2035 1096 2069 defensios
1118 2039 1138 2067 S
1158 2045 1270 2078 111411·-
1347 2037 1389 2066 19
1410 2032 1511 2076 prin-

159 2085 297 2130 cipum]
330 2084 554 2129 principium
590 2087 625 2117 F.
773 2087 813 2117 21
850 2084 1062 2127 satrapeam
1093 2082 1238 2125 scripsi:
1273 2082 1499 2124 satrapesA
1503 2107 1509 2113 .

159 2137 203 2166 22
232 2132 467 2166 Ptolomaeus
487 2133 600 2175 361’7-1]15
598 2144 632 2165 ·1:
660 2130 868 2175 ptolomeus
891 2133 947 2163 SV
971 2142 1014 2164 111.
1031 2141 1102 2173 pr..
1124 2127 1360 2182 ptholomeus
1381 2130 1511 2160 BFLV

158 2192 246 2215 corr.
336 2180 497 2225 dicione]
519 2179 659 2213 ditione
680 2182 813 2211 BFLS.
902 2181 944 2211 23
967 2177 1088 2221 Syria]
1110 2176 1198 2209 siria
1213 2180 1242 2210 S
1328 2174 1510 2210 Phoenice

158 2232 191 2261 1:
219 2227 376 2271 phenice
396 2230 435 2261 A.
518 2230 561 2260 24
583 2225 769 2271 Philotae]
798 2225 973 2270 phvlotae
1001 2228 1034 2257 L.
1118 2223 1305 2257 destinata
1331 2227 1369 2256 C:
1398 2221 1511 2256 desti-

159 2279 249 2308 nata
270 2278 325 2309 est
347 2279 378 2308 S.
460 2274 510 2318 L>
516 2274 611 2308 ciam
625 2277 658 2307 1:
680 2273 805 2307 liciam
820 2276 858 2306 A.
934 2272 1020 2306 Pam
1026 2270 1155 2316 11115113
1169 2270 1391 2305 Frobemus:
1409 2281 1510 2314 pam-

159 2322 278 2366 philia
310 2325 337 2354 A
371 2312 620 2368 [phaniphilia
652 2322 704 2367 F]
804 2324 847 2354 25
881 2319 1044 2364 Phrygia
1068 2323 1101 2352 1:
1135 2318 1246 2362 frigia
1272 2321 1300 2350 A
1333 2317 1458 2364 [frigie
1491 2320 1511 2349 S

162 2382 202 2404 m.
221 2371 307 2415 pr]
408 2370 633 2415 Antigonus]
662 2370 869 2411 antogonus
897 2371 929 2401 0.
