1610 2522
98 247 117 275 6

99 365 116 394 7

96 902 114 930 ‘d

74 1078 116 1107 lo

72 1316 111 1345 11

72 1494 114 1524 12

72 1909 114 1938 13

144 127 228 167 338
717 126 864 161 CUltTI
889 125 1001 159 RUFI

144 235 257 277 Hinc
289 235 473 276 militum
508 235 679 289 clamor,
715 235 814 276 hinc
846 249 1057 276 remorum
1093 235 1242 289 pulsus
1274 237 1500 291 variaeque

144 298 368 335 nautarum
404 308 525 335 voces
558 293 820 335 hortantium
862 294 1034 348 pavidas
1067 309 1188 335 aures
1221 295 1498 350 inpleverant.

146 353 260 408 Ergo
294 354 482 394 universi
515 354 567 394 ad
600 368 683 407 eos,
716 354 786 407 qui
823 354 864 393 in
899 353 1028 394 armis
1060 358 1191 407 erant,
1229 359 1406 396 currunt
1436 356 1498 396 fu·

144 429 234 453 rere
267 413 535 454 clamitantes
570 417 612 454 et
643 427 739 454 cum
771 413 834 454 dis
861 412 1068 467 proelium
1099 414 1297 455 inituros:
1331 415 1502 469 navigia

144 487 229 513 non
257 486 380 526 posse
406 473 633 526 numerari,
659 487 767 526 quae
794 472 977 513 invictos
1005 472 1116 513 viros
1143 472 1354 515 veherent.
1393 473 1499 515 Tan·
1538 492 1553 517 5

144 535 321 585 tumque
362 532 406 572 in
439 532 673 573 exercitum
707 546 880 573 suorum
915 531 1096 573 intulere
1129 533 1322 586 terroris,
1366 536 1413 574 ut
1443 534 1500 574 le-

144 595 268 646 gatos
300 591 520 632 mitterent
552 594 720 647 gentem
755 591 982 632 dedituros.

233 650 312 691 His
346 650 389 691 in
419 651 546 692 fidem
573 650 759 704 acceptis
787 650 838 691 ad
865 650 968 691 alias
996 650 1145 691 deinde
1172 654 1320 706 gentes
1348 653 1499 705 quarto
1520 655 1567 690 31

144 710 210 750 die
242 710 448 764 pervenit.
502 709 652 752 Nihilo
686 709 782 764 plus
816 710 945 751 animi
973 709 1039 750 his
1066 710 1160 763 fuit,
1194 724 1321 763 quam
1348 710 1500 751 ceteris

142 770 290 809 fuerat.
354 768 504 823 Itaque
537 769 696 823 oppido
730 769 789 810 ibi
823 769 1006 821 condito,
1040 769 1154 822 quod
1187 769 1497 811 Alexandream
1521 787 1554 812 ιο

143 828 348 883 appellari
383 830 571 881 iusserat,
603 829 708 869 fines
743 843 901 881 eorum,
935 828 1007 882 qui
1040 827 1249 869 Musicani
1282 831 1498 883 appellan-

144 892 230 939 tur,
264 888 449 929 intravit.
513 887 597 929 Hic
635 888 685 928 de
717 887 903 929 Teriolte
936 890 1120 941 satrape,
1162 902 1286 942 quem
1320 887 1500 942 Parapa-

142 948 302 988 nisadis
345 948 623 1001 praefecerat,
669 947 802 988 isdem
841 947 1119 1002 arguentibus
1159 948 1362 1003 cognovit
1394 948 1499 988 mul-

142 1009 270 1060 taque
321 1021 445 1048 avare
495 1021 543 1047 ac
594 1006 774 1060 superbe
824 1007 973 1047 fecisse
1025 1007 1267 1049 convictum
1318 1007 1498 1048 interfici

144 1067 278 1107 iussit.
342 1064 562 1121 OxyarteS,
594 1070 764 1120 praetor
790 1065 1126 1118 Bactrianorum,
1159 1080 1244 1106 non
1277 1066 1498 1108 absolutus
1521 1083 1552 1109 15

142 1126 289 1179 modo,
334 1126 407 1166 sed
445 1126 573 1166 etiam
605 1126 694 1166 iure
728 1126 885 1166 amoris
918 1125 1137 1179 amplioris
1171 1126 1340 1179 imperii
1373 1126 1498 1166 dona-

142 1188 211 1225 tus
245 1188 308 1226 est
341 1184 509 1226 finibus.
562 1184 792 1225 Musicanis
826 1185 973 1225 deinde
1007 1185 1049 1225 in
1078 1185 1286 1225 dicionem
1316 1185 1498 1226 redactis

142 1244 236 1285 urbi
271 1259 417 1286 eorum
450 1244 706 1298 praesidium
742 1245 942 1298 inposuit.

230 1302 333 1345 Inde
366 1318 440 1358 per
473 1304 599 1345 silvas
632 1304 683 1344 ad
716 1318 906 1357 asperam
934 1302 1077 1344 Indiae
1107 1307 1289 1359 gentem,
1323 1318 1495 1357 perven-

142 1367 231 1404 tum
260 1367 334 1404 est.
376 1362 628 1404 Porticanus
654 1378 728 1403 rex
755 1367 856 1417 erat,
883 1363 955 1417 qui
983 1376 1026 1403 se
1058 1362 1249 1403 munitae
1276 1363 1371 1404 urbi
1399 1377 1494 1404 cum
1517 1381 1551 1405 κο

142 1438 296 1477 magna
326 1438 456 1463 manu
489 1423 762 1476 popularium
799 1423 1038 1463 incluserat.
1101 1421 1223 1462 Hanc
1255 1422 1497 1463 Alexander

141 1483 268 1523 tertio
309 1482 392 1535 die,
437 1497 564 1535 quam
603 1485 801 1536 coeperat
840 1481 1050 1535 obsidere,
1095 1482 1368 1536 expugnavit.
1441 1481 1499 1523 Et

142 1541 405 1594 Porticanus,
439 1557 535 1583 cum
571 1541 613 1582 in
645 1556 784 1582 arcem
818 1541 1091 1595 confugisset,
1124 1541 1288 1596 legatos
1322 1541 1372 1582 de
1402 1555 1498 1582 con-

141 1600 305 1641 dicione
357 1601 584 1642 deditionis
638 1601 754 1641 misit
798 1600 849 1641 ad
894 1615 1048 1655 regem.
1143 1600 1223 1640 Sed
1270 1603 1497 1654 antequam

141 1660 306 1701 adirent
344 1675 456 1712 eum,
503 1660 607 1700 duae
648 1664 786 1701 turres
827 1675 921 1700 cum
961 1660 1125 1714 ingenti
1160 1662 1328 1714 fragore
1360 1660 1496 1714 proci·
1518 1676 1550 1701 25

141 1720 307 1760 derant:
346 1734 420 1773 per
458 1734 636 1773 quarum
679 1719 824 1760 ruinas
856 1719 1108 1760 Macedones
1147 1733 1315 1760 evasere
1355 1719 1398 1759 in
1437 1734 1498 1759 ar-

142 1793 242 1820 cem.
296 1777 387 1827 Qua
419 1781 542 1832 capta
568 1778 819 1820 Porticanus
848 1793 943 1820 cum
976 1779 1121 1832 paucis
1154 1793 1397 1833 repugnans
1431 1793 1497 1819 oc-

143 1838 309 1879 ciditur.

232 1897 385 1938 Diruta
423 1898 555 1952 igitur
593 1911 686 1937 aree
725 1900 766 1937 et
800 1897 996 1937 omnibus
1031 1897 1210 1951 captivis
1243 1896 1496 1937 venundatis
1516 1899 1567 1935 32

237 2054 257 2083 4
280 2049 332 2095 et]
348 2061 413 2084 om.
429 2052 467 2091 B,
490 2050 524 2083 in
538 2053 563 2082 L
577 2060 666 2083 eras.
745 2052 762 2081 Τ
784 2048 990 2094 mitterent]
1004 2048 1178 2082 miterent
1192 2051 1227 2081 L.
1303 2052 1322 2081 S
1345 2047 1495 2093 deinde]

143 2096 276 2130 deinde
309 2097 395 2130 inde
416 2100 455 2130 V.
586 2100 627 2130 12
655 2095 940 2139 Parapanisadis
973 2097 1117 2140 scripsi:
1155 2095 1441 2129 caracamisadis
1467 2098 1496 2128 A

142 2144 462 2189 [caraeamissadis
488 2144 541 2190 F]
619 2148 660 2177 15
689 2143 867 2187 Oxyartes
893 2143 1029 2178 Aldus:
1057 2145 1202 2177 Oxartes
1229 2145 1267 2175 A.
1344 2147 1386 2176 16
1414 2142 1494 2188 sed]

143 2194 197 2225 set
224 2195 259 2225 L.
332 2195 372 2225 17
401 2191 602 2237 dicionem]
630 2190 808 2224 ditionem
837 2195 869 2224 C.
947 2194 988 2224 18
1015 2190 1241 2234 praesidinm
1271 2190 1493 2224 frobenius:

141 2239 338 2283 imperium
366 2242 404 2272 A.
512 2244 552 2272 19
586 2250 652 2283 per
677 2238 786 2271 silvas
814 2238 860 2271 ad
889 2248 1057 2281 asperam
1083 2239 1228 2282 scripsi:
1262 2240 1430 2281 praestos
1458 2239 1495 2271 et

141 2286 262 2330 ipsam
289 2290 327 2319 A.
439 2286 566 2321 Indiae
592 2285 757 2331 gentem]
783 2285 1015 2329 indigentem
1041 2289 1076 2317 P.
1188 2288 1232 2318 20
1263 2284 1493 2330 Porticanus]

140 2334 285 2378 portica
304 2333 519 2377 porticanus
539 2338 566 2366 P
586 2346 629 2368 m.
646 2346 704 2377 pr.
781 2336 824 2366 22
851 2332 1040 2378 coeperat]
1064 2334 1213 2378 ceperat
1233 2336 1267 2365 P.
1345 2335 1388 2365 23
1410 2342 1495 2365 con-

142 2381 318 2426 fugisset]
345 2381 585 2425 comfugisset
611 2385 646 2414 P.
747 2380 961 2414 condicione
988 2384 1021 2413 1:
1050 2379 1262 2414 conditione
1289 2382 1328 2412 A.
