1610 2522
322 97 658 132 HisrofflARUM
685 96 969 131 ALEXANDm
996 96 1107 139 vnn,
1137 100 1167 130 3.
1190 101 1220 129 4.
1361 96 1444 136 321

98 208 268 261 cedens,
318 210 365 248 ut
416 208 669 261 opportunis
720 206 824 247 locis
875 205 1029 259 exponi
1082 206 1261 247 subinde
1307 204 1452 258 copiae

99 270 286 322 possent.

27 328 76 364 14
185 326 440 368 Perventum
475 328 564 366 erat
596 326 638 365 in
672 324 902 380 regionem,
935 324 978 364 in
1006 339 1088 378 qua
1116 323 1339 378 Hydaspes
1367 337 1450 363 am·
1475 325 1524 359 IV

97 387 162 427 nis
201 385 373 427 Acesini
415 385 715 426 committitur:
756 383 858 425 hinc
896 384 1081 425 decurrit
1119 384 1161 424 in
1195 383 1300 423 fines
1333 382 1452 423 Sibo-

62 463 76 488 5
97 461 201 486 rum.
265 444 322 485 Hi
356 445 405 485 de
447 444 635 485 exercitu
668 443 864 484 Herculis
904 443 1082 484 maiores
1115 457 1213 484 suos
1247 456 1337 483 esse
1369 456 1452 482 me-
1480 452 1498 481 2

97 507 280 546 morant:
315 518 463 559 aegros
491 503 660 544 relictos
688 502 816 558 [esse]
844 503 1006 557 cepisse
1033 502 1186 555 sedem,
1216 516 1341 555 quam
1371 500 1452 555 ipsi

98 563 359 605 obtinebant.
403 563 541 604 Pelles
566 563 750 603 ferarum
779 577 855 616 pro
886 565 1014 617 veste,
1042 563 1184 603 clavae
1212 560 1297 601 tela
1323 563 1453 613 erant,
1480 571 1499 600 3

97 622 314 677 multaque
347 622 493 676 etiam,
539 636 635 663 cum
669 620 816 662 Graeci
849 636 988 662 mores
1021 621 1322 672 exolevissent,
1357 619 1453 660 stir-

99 683 164 737 pis
198 682 477 723 ostendebant
505 682 695 736 vestigia.
760 680 873 721 Hinc
906 681 1147 722 escensione
1178 680 1292 721 facta
1325 690 1379 720 CC
1413 682 1453 719 et
1480 690 1501 720 4

47 754 127 785 10L
173 742 309 782 stadia
355 742 533 782 excessit
579 740 946 794 depopulatusque
985 741 1203 794 regionem
1236 739 1454 793 oppidum,

99 804 225 856 caput
258 802 360 854 eius,
393 815 547 842 corona
580 801 704 854 cepit.
764 811 825 840 XL
858 800 975 840 milia
1008 800 1199 853 peditum
1234 799 1317 839 alia
1350 813 1452 853 gens
1481 809 1500 838 5

99 862 142 902 in
174 862 267 915 ripa
298 861 521 901 fluminum
562 862 838 913 opposuerat:
879 874 986 913 quae
1019 874 1141 899 amne
1176 860 1376 912 superato
1410 858 1452 897 in

98 920 242 975 fugam
283 919 475 973 conpulit
512 919 786 972 inclusosque
825 919 1047 959 moenibus
1081 920 1310 973 expugnat.
1374 916 1454 957 Pu-

98 979 219 1021 beres
253 979 465 1020 interfecti
498 981 608 1031 sunt,
641 978 768 1019 ceteri
801 978 1034 1018 venierunt.
1086 977 1276 1018 Alteram
1305 976 1455 1016 deinde
1482 987 1501 1016 6

46 1057 78 1082 15
99 1039 244 1080 urbem
289 1053 530 1093 expugnare
573 1038 744 1078 adortus
790 1052 1028 1092 magnaque
1060 1038 1101 1077 vi
1136 1036 1451 1078 defendentium

99 1098 247 1152 pulsus
285 1099 442 1138 multos
475 1097 754 1138 Macedonum
796 1097 947 1137 amisit.
1012 1095 1094 1137 Sed
1133 1111 1228 1137 cum
1267 1096 1311 1136 in
1345 1094 1455 1136 obsi-

100 1158 224 1198 dione
263 1159 590 1211 perseverasset,
635 1156 838 1210 oppidani
877 1156 1097 1210 desperata
1137 1155 1272 1196 salute
1312 1155 1455 1210 ignem

100 1217 313 1258 subiecere
346 1217 470 1258 tectis
504 1231 631 1270 seque
664 1230 711 1257 ac
743 1215 902 1257 liberos
935 1216 1225 1270 coniugesque
1258 1214 1455 1255 incendio

101 1279 298 1317 cremant.
349 1275 471 1325 Quod
497 1290 594 1316 cum
621 1275 703 1329 ipsi
731 1278 946 1330 augerent,
972 1275 1118 1315 hostes
1145 1275 1456 1329 extinguerent,
1484 1284 1502 1314 7

47 1354 80 1378 20
98 1350 209 1377 nova
233 1335 370 1376 forma
397 1349 566 1390 pugnae
593 1337 700 1375 erat:
729 1334 925 1375 delebant
946 1335 1110 1376 incolae
1131 1334 1291 1385 urbem,
1312 1333 1455 1373 hostes

101 1395 391 1435 defendebant.
443 1394 561 1434 Adeo
595 1394 724 1435 etiam
757 1397 932 1435 naturae
964 1394 1056 1434 iura
1092 1394 1248 1434 bellum
1283 1393 1326 1432 111
1360 1406 1455 1433 con-

101 1454 278 1494 trarium
310 1456 459 1494 mutat.
522 1453 610 1494 Arx
643 1456 732 1494 erat
764 1453 912 1507 oppidi
944 1453 1115 1505 intacta,
1148 1453 1191 1492 in
1225 1467 1307 1506 qua
1340 1466 1456 1505 prae-
1483 1462 1502 1492 8

102 1513 255 1554 sidium
278 1512 514 1566 dereliquit.
565 1511 663 1567 Ipse
683 1527 720 1554 e
708 1516 742 1553 t
765 1513 947 1568 navigiis
973 1513 1284 1554 circumvectus
1305 1526 1351 1551 ar
1354 1525 1455 1551 cem.

32 1578 80 1612 15
102 1572 267 1626 Quippe
299 1584 349 1612 ΙΙΙ
382 1572 557 1612 flumina
590 1574 680 1612 tota
713 1570 834 1612 India
866 1574 1033 1625 praeter
1066 1570 1243 1625 Gangen
1269 1570 1457 1611 maxima

49 1651 80 1676 25
102 1632 365 1672 munimento
399 1632 506 1672 alcis
533 1631 750 1685 adplicant
775 1631 925 1672 undas:
959 1646 981 1671 3
1009 1631 1298 1684 septentrione
1326 1628 1456 1669 Indus

102 1691 249 1743 adluit,
282 1706 303 1731 a
337 1690 512 1731 meridie
545 1690 745 1732 Acesines
776 1690 971 1744 Hydaspi
1004 1690 1289 1731 confunditur.
1342 1688 1456 1729 Cete-
1484 1700 1502 1730 9

200 1789 215 1817 1
223 1764 464 1828 opportunis]
480 1783 672 1836 oportunis
686 1787 726 1817 V.
806 1787 825 1816 3
841 1783 1035 1827 Hydaspes
1052 1783 1216 1817 Merula:
1232 1782 1402 1826 hidaspis
1417 1785 1457 1815 A.

102 1835 122 1864 4
137 1831 286 1865 Acesini
303 1832 470 1865 Blodz'us:
493 1831 659 1864 acessino
685 1834 725 1865 A.
810 1830 981 1864 Siborum
996 1831 1206 1874 anptius:
1229 1830 1402 1863 soborum
1417 1832 1455 1862 A.

103 1882 123 1912 5
143 1878 206 1924 Hi]
229 1878 287 1912 hi(-
308 1883 344 1920 P,
365 1879 378 1911 i
397 1882 436 1912 V.
535 1882 554 1911 6
575 1878 725 1913 relictos
747 1879 958 1913 Acidalius:
985 1877 1134 1911 relictos
1156 1889 1234 1911 esse
1253 1881 1285 1917 c,
1306 1876 1455 1910 relictos

103 1937 140 1960 se
155 1930 190 1960 P.
254 1926 409 1971 cepisse]
423 1925 587 1968 coepisse
601 1929 789 1969 an.pr.L‚
806 1926 947 1972 cepisse
959 1929 997 1959 V.
1064 1929 1081 1958 7
1104 1924 1338 1970 obtinebant]
1361 1925 1458 1967 opti—

101 1973 215 2007 nebat
244 1977 270 2006 F
299 1986 340 2007 m.
356 1985 429 2018 pr„
461 1972 699 2007 obstinebant
724 1977 758 2006 P.
884 1977 902 2007 9
931 1972 1143 2007 escensione
1169 1975 1195 2005 B
1215 1984 1260 2006 m.
1280 1983 1363 2006 secu:
1397 1982 1456 2005 ex-

103 2021 273 2055 censione
299 2024 338 2054 A.
441 2024 480 2053 11
509 2021 635 2066 caput]
670 2021 791 2064 capud
817 2025 843 2053 F
865 2033 906 2054 m.
928 2032 983 2064 pr.
1003 2024 1027 2052 Ι,
1054 2032 1099 2054 m.
1115 2032 1173 2064 pr.
1195 2023 1266 2053 PV.
1342 2019 1456 2064 cepit]

103 2068 227 2112 coepit
245 2071 356 2109 BFP,
379 2068 479 2113 cepit
492 2071 531 2101 V.
600 2081 644 2101 XL
659 2068 777 2113 milia]
799 2081 844 2101 xr.
860 2072 891 2101 C.
968 2067 1056 2112 alia]
1078 2067 1184 2100 milia
1205 2071 1234 2100 C.
1307 2070 1349 2100 18
1372 2067 1457 2099 sub-

102 2114 220 2149 iecere
240 2120 273 2150 1:
301 2116 467 2150 subicere
488 2118 526 2148 A.
609 2127 720 2159 seque
745 2117 891 2159 scripsi:
920 2126 958 2149 se
979 2125 1126 2158 quoque
1146 2117 1185 2148 A.
1265 2118 1307 2147 19
1336 2113 1455 2159 Quod]

104 2164 145 2195 ut
170 2166 199 2195 V
221 2175 262 2196 m.
284 2175 336 2206 pr.
437 2166 480 2196 2Ο
508 2163 605 2207 era-t]
633 2165 737 2197 erant
762 2167 797 2197 F.
897 2167 939 2196 21
963 2161 1213 2196 defendebant
1233 2162 1273 2196 F
1271 2162 1456 2196 robenz'us·

105 2210 372 2254 extinguebant
392 2213 431 2243 A.
507 2210 633 2255 etiam]
661 2210 737 2244 etia
758 2214 794 2243 F.
870 2214 913 2243 22
934 2212 1056 2243 mutat
1077 2209 1218 2244 Lauer:
1245 2211 1393 2242 mutant
1416 2212 1454 2242 A.

106 2260 149 2290 23
164 2257 208 2290 d‹
200 2257 378 2303 reliquit]
395 2257 603 2300 dereliquid
617 2261 656 2291 V.
707 2258 787 2302 ipse
801 2263 863 2292 est
875 2269 931 2292 861
936 2258 1023 2301 ipsi.-
1043 2257 1123 2300 ipse
1138 2260 1177 2290 A
1229 2260 1273 2289 ‘24
1289 2255 1456 2301 Gangen]

105 2315 250 2349 gengen
270 2309 306 2338 F.
404 2304 581 2350 maxima]
609 2305 810 2339 maximam
837 2309 872 2338 P.
979 2308 1021 2338 26
1051 2303 1184 2349 adluit]
1213 2303 1323 2337 atluit
1350 2307 1385 2336 P.

106 2352 280 2386 Acesines
306 2353 442 2387 Aldus:
469 2351 662 2385 hacesines
688 2356 727 2386 A.
826 2352 1010 2397 Hydaspi]
1039 2351 1189 2395 hidas-pi
1217 2356 1248 2384 c.

178 2417 315 2442 Cum-rus
334 2418 441 2442 Eurus
463 2417 507 2441 ed.
528 2417 711 2442 Hedicke.
752 2418 806 2442 Ed.
828 2419 932 2442 maior.
1201 2413 1243 2442 -21
