1610 2522
410 97 741 132 HISTORIARUM
770 98 1050 132 ALEXANDRI
1078 99 1120 141 Υ,
1150 104 1177 133 1.
1201 104 1230 132 ·.’.
1421 99 1500 139 115

151 207 338 248 mutavit.
404 206 513 248 Nam
565 222 658 248 cum
712 211 808 248 ante
853 208 1015 261 equites
1067 209 1106 248 in
1156 223 1275 248 suam
1321 208 1500 262 quisque

149 270 317 321 gentem
346 266 676 308 discriberentur
703 281 869 308 seorsus
897 282 920 307 a
947 267 1108 319 ceteris,
1142 270 1338 321 exempto
1366 268 1499 308 natio-

148 341 249 366 num
277 326 519 367 discrimine
548 327 772 380 praefectis
805 340 890 367 non
917 327 1064 380 utique
1093 341 1261 367 suarum
1296 328 1500 382 gentium,

149 385 220 426 sed
248 385 421 426 delectis
449 386 654 426 attribuit.
719 385 850 438 Tuba,
878 400 974 426 cum
1002 389 1137 427 castra
1163 400 1333 427 movere
1359 387 1499 439 vellet,

112 460 126 485 5
149 445 316 499 signum
358 445 502 497 dabat,
541 445 660 486 cuius
700 459 828 486 sonus
861 446 1113 499 plerumque
1146 446 1498 486 tumultuantium

148 505 320 545 fremitu
354 505 571 545 exoriente
602 504 715 545 haud
749 505 850 545 satis
884 504 1203 545 exaudiebatur:
1238 520 1338 560 ergo
1372 506 1499 559 perti-

148 577 257 616 cam,
291 578 397 617 quae
430 564 617 618 undique
650 565 840 618 conspici
875 566 1034 618 posset,
1078 579 1205 618 supra
1237 565 1497 618 praetorium

149 622 314 675 statuit,
354 638 403 663 ex
439 638 521 676 (1113
554 624 723 678 signum
757 624 947 664 eminens
980 623 1140 677 pariter
1173 624 1370 664 omnibus
1403 637 1499 665 con-

149 682 343 735 spicuum
377 682 683 723 observabatur
715 683 825 738 ignis
858 686 1000 736 noctu,
1031 683 1174 724 fumus
1208 683 1402 724 interdiu.

103 743 124 777 S
236 740 409 795 Iamque
462 741 568 783 Susa
618 742 654 782 ei
707 742 872 783 adituro
917 742 1133 795 Abulites,
1178 743 1363 798 regionis
1409 743 1497 784 eius

94 819 124 842 11
147 801 398 855 praefectus,
444 802 531 842 sive
577 800 704 842 Darei
748 802 878 854 1113311,
922 806 968 842 ut
1010 801 1301 843 Alexandrum
1344 801 1497 856 praeda

146 861 364 913 retineret,
404 862 490 902 sive
530 876 603 901 sua
645 864 795 915 sponte
834 862 969 902 filium
1005 861 1174 902 obviam
1207 862 1335 915 misit,
1373 861 1500 902 tradi-

147 931 289 960 turum
317 935 360 961 se
386 920 534 961 urbem
561 920 826 974 promittens
892 921 1082 976 Benigne
1110 921 1303 962 iuvenem
1333 922 1500 976 excepit
1526 933 1545 963 9

148 993 219 1019 rex
252 982 295 1020 et
321 980 465 1020 eodem
501 980 605 1021 duce
639 980 690 1020 ad
719 979 933 1034 Choaspin
968 994 1134 1021 amnem
1161 981 1365 1034 pervenit,
1399 981 1498 1022 deli-

92 1055 124 1080 15
147 1046 303 1091 catam,
341 1042 388 1080 ut
426 1040 538 1079 fama
578 1042 657 1091 est,
698 1039 919 1080 vehentem
953 1054 1119 1092 aquam.
1184 1039 1267 1081 Hic
1299 1039 1498 1081 Abulites

146 1112 241 1139 cum
276 1098 397 1139 donis
436 1098 591 1153 regalis
625 1099 868 1153 opulentiae
908 1099 1102 1141 occurrit.
1167 1099 1401 1140 Dromades
1435 1114 1498 1140 ea-

146 1156 244 1198 meli
277 1158 387 1198 inter
415 1158 524 1199 dona
551 1161 670 1199 erant
695 1158 934 1199 velocitatis
962 1159 1152 1212 eximiae,
1185 1171 1249 1199 XII
1283 1158 1498 1213 elephanti

145 1232 169 1257 a
200 1216 338 1258 Dareo
373 1232 421 1257 ex
449 1216 569 1258 India
597 1218 733 1271 acciti,
767 1218 850 1258 iam
877 1232 964 1259 non
990 1221 1138 1271 terror,
1170 1221 1218 1259 ut
1245 1222 1499 1272 speraverat,

145 1275 438 1329 Macedonum,
466 1277 537 1317 sed
558 1278 775 1330 auxilium,
804 1292 904 1331 opes
932 1278 1032 1318 victi
1060 1277 1112 1318 ad
1132 1279 1338 1319 victorem
1365 1281 1499 1319 trans-

92 1354 124 1378 20
145 1336 305 1376 ferente
337 1336 518 1377 fortuna.
581 1335 642 1378 Ut
672 1351 772 1377 vero
805 1336 952 1377 urbem
987 1337 1172 1389 intravit,
1206 1337 1497 1378 incredibilem

145 1410 195 1436 ex
228 1395 438 1436 thesauris
471 1411 679 1436 summam
713 1396 917 1450 pecuniae
950 1397 1116 1451 egessit,
1156 1408 1183 1436 L
1216 1397 1335 1437 milia
1366 1397 1498 1438 talen-

146 1458 234 1494 tum
283 1456 446 1509 argenti
497 1469 582 1496 non
629 1456 785 1510 signati
829 1455 985 1508 forma,
1039 1456 1111 1497 sed
1161 1457 1255 1496 rudi
1300 1457 1496 1510 pondere.

145 1512 270 1554 Multi
314 1529 434 1569 reges
480 1518 619 1555 tantas
672 1529 772 1569 opes
820 1515 948 1570 longa
994 1519 1130 1556 aetate
1177 1517 1498 1558 cumulaverant

145 1572 289 1614 liberis
316 1575 596 1627 posterisque,
628 1578 676 1615 ut
703 1574 1034 1615 arbitrabantur:
1069 1589 1171 1628 quas
1199 1590 1283 1615 una
1315 1575 1421 1617 hora
1453 1577 1497 1616 in

92 1651 124 1675 ‘25
146 1634 308 1673 externi
341 1633 452 1688 regis
486 1648 635 1674 manus
668 1633 823 1674 intulit.
888 1632 1089 1674 Consedit
1122 1634 1272 1675 deinde
1304 1635 1349 1675 in
1380 1636 1498 1690 regia

146 1691 248 1732 sella
282 1692 416 1733 multo
444 1692 672 1733 excelsiore
707 1707 833 1746 (1113111
865 1707 943 1747 pro
976 1693 1125 1734 habitu
1153 1695 1354 1748 corporis.
1416 1693 1497 1735 Ita-

146 1766 238 1804 que,
272 1766 365 1792 cum
399 1752 526 1805 pedes
560 1753 693 1793 imum
721 1753 898 1808 gradum
932 1767 1018 1793 non
1046 1754 1354 1807 contingerent,
1389 1769 1496 1795 unus

241 1883 259 1912 2
287 1880 473 1925 exempto]
508 1882 662 1924 enepto
689 1884 724 1914 P.
856 1881 1066 1926 nationum]
1095 1881 1293 1915 nutionum
1319 1885 1344 1914 P
1371 1894 1413 1916 m.
1436 1894 1496 1926 pr.

145 1932 165 1960 4
193 1927 363 1972 delectis]
385 1927 513 1961 electis
539 1931 579 1960 V.
649 1931 668 1961 8
697 1928 861 1961 eminens
887 1930 1033 1972 scripsi:
1062 1928 1251 1962 eminebat
1277 1932 1315 1962 A.
1392 1933 1411 1963 9
1433 1930 1497 1964 ob-

144 1974 358 2008 servabatur
384 1978 416 2008 1:
445 1975 665 2009 olitseruatur
688 1978 727 2008 A.
828 1979 869 2009 10
898 1976 929 2009 ei
957 1988 1023 2010 om.
1045 1979 1070 2008 B
1094 1988 1135 2010 m.
1150 1988 1211 2020 pr.
1309 1977 1496 2023 Abulites]

143 2021 271 2080 abun}
289 2050 315 2079 P
337 2058 379 2080 m.
394 2058 454 2090 pr.
531 2050 573 2080 14
594 2046 641 2080 ad
663 2046 849 2090 Choaspin
869 2047 1078 2091 Zumptius:
1106 2047 1197 2081 adeo
1224 2047 1359 2091 haspin
1385 2051 1423 2081 A.

143 2093 342 2127 delicatam
370 2094 601 2128 Vindeliwms:
630 2093 802 2128 dedicata
822 2097 860 2127 A.
938 2098 979 2128 15
1006 2094 1201 2128 vehentem
1222 2095 1358 2130 Aldus:
1385 2095 1497 2129 uehe—

143 2168 305 2198 mentem
319 2167 358 2197 A.
432 2164 619 2210 Abulites]
640 2141 765 2199 abun}
787 2169 812 2198 P
835 2178 877 2199 m.
893 2178 951 2209 pr.
1054 2169 1094 2198 17
1124 2166 1236 2211 dona]
1271 2166 1364 2200 dono
1382 2170 1422 2199 V.

143 2211 368 2257 velocitatis]
394 2211 608 2246 uolocitatis
628 2216 664 2245 P.
740 2213 912 2257 eximiae]
940 2212 1074 2246 eximia
1093 2216 1119 2245 P
1139 2225 1183 2247 m.
1198 2225 1258 2257 pr.
1335 2217 1377 2247 18
1404 2213 1494 2258 iam]

145 2270 204 2291 am
229 2262 267 2292 V.
353 2262 564 2303 speraverat
593 2260 761 2294 alodius:
790 2262 1031 2304 sperauerant
1056 2263 1095 2293 A.
1181 2263 1223 2294 19
1251 2261 1354 2306 opes]
1383 2271 1495 2305 *opes

144 2309 212 2338 LP.
288 2310 330 2340 21
358 2307 554 2352 pecuniae]
574 2307 770 2351 pecuniam
792 2311 829 2341 F.
905 2321 923 2341 L
949 2306 1069 2353 milia]
1096 2320 1117 2341 L
1137 2311 1172 2341 P.
1249 2312 1292 2341 ‘34
1318 2308 1495 2352 posteris-

145 2353 232 2397 que]
258 2354 470 2397 poterisque
496 2357 534 2387 V.
636 2358 678 2388 26
705 2354 852 2400 habitu]
879 2355 984 2388 abitu
1010 2358 1045 2392 L,
1072 2353 1168 2388 ibitu
1195 2358 1221 2387 P
1243 2367 1284 2388 m.
1301 2367 1358 2399 pr.

1235 2414 1280 2447 8*

1528 1112 1572 1142 10

1527 1349 1567 1380 11

1526 1528 1567 1558 12

1525 1646 1568 1677 13
