1610 2522
370 74 705 110 HISTOMARUM
731 74 1016 109 ALEXANDRI
1044 75 1086 118 X,
1116 78 1145 109 7.
1168 78 1200 109 8.
1377 74 1460 115 38Ι

104 184 350 226 abducendo
391 184 554 238 equites
594 183 815 237 abrupisse
854 198 877 224 a
910 185 1049 224 cetero
1084 182 1274 224 exercitu
1306 182 1465 224 videre-

104 247 185 298 tur,
217 245 262 286 in
293 243 398 285 urbe
432 242 638 284 subsistit.

33 307 82 342 25
192 303 251 345 At
277 303 489 359 Meleager
513 316 655 358 regem
684 315 854 344 monere
881 315 967 343 non
993 301 1169 354 destitit,
1196 301 1262 342 ius
1290 300 1459 355 imperii
1479 305 1564 339 VIII

103 362 328 405 Perdiccae
367 364 503 403 morte
542 361 814 402 sanciendum
853 375 960 402 esse:
1003 361 1047 401 ni
1080 364 1313 414 occupetur
1344 360 1463 414 inpo-

69 440 83 464 5
104 425 197 463 tens
231 423 408 475 animus,
440 435 506 462 res
538 423 805 462 novaturum.
860 419 1104 461 Meminisse
1137 435 1245 474 eum,
1277 419 1380 473 quid
1413 419 1463 460 de

103 496 201 537 rege
244 481 485 533 meruisset,
528 480 741 521 neminem
783 482 923 521 autem
966 479 1003 519 ei
1046 479 1149 520 satis
1188 479 1319 520 fidum
1361 493 1463 532 esse,

104 555 229 594 quem
272 543 444 581 metuat.
508 539 599 581 Rex
639 539 882 593 patiebatur
922 539 1058 594 magis
1098 553 1225 592 quam
1259 538 1463 579 adsentie-
1490 549 1510 579 2

104 600 246 641 batur:
289 601 431 653 itaque
464 599 677 654 Meleager
718 598 936 639 silentium
978 613 1054 652 pro
1094 598 1273 652 imperio
1312 598 1463 639 habuit

103 659 304 713 misitque
338 659 450 714 regis
483 659 667 711 nomine,
700 659 770 712 qui
806 657 1049 700 Perdiccam
1083 661 1354 699 accerserent.
1405 655 1462 697 Is-

52 736 85 761 10
106 719 200 759 dem
227 718 486 771 mandatum,
513 720 559 758 ut
586 717 836 770 occiderent,
864 717 899 758 si
926 717 1068 758 venire
1096 716 1320 758 dubitaret.
1366 716 1462 757 Per-
1490 728 1509 757 3

104 777 222 819 dicca
241 778 437 819 nuntiato
459 777 693 818 satellitum
714 777 898 818 adventu
919 777 1102 819 sedecim
1123 777 1295 817 omm'no
1320 776 1462 830 pueris

105 837 246 892 regiae
284 837 470 879 cohortis
509 836 739 878 comitatus
777 836 822 876 in
859 836 1006 877 limine
1045 836 1195 877 domus
1235 850 1335 877 suae
1368 849 1464 877 con-

105 896 217 937 stitit
250 896 564 951 castigatosque
597 898 638 937 et
665 895 869 951 Meleagri
894 895 1106 949 mancipia
1131 895 1364 936 identidem
1394 909 1463 948 ap-

104 957 268 1009 pellans
308 956 368 996 sic
403 955 534 996 animi
568 956 798 1008 vultusque
826 956 1066 996 constantia
1097 955 1268 1008 terruit,
1312 956 1361 995 ut
1391 955 1464 995 vix

52 1033 83 1057 15
105 1015 260 1056 mentis
286 1017 503 1069 compotes
530 1015 729 1070 fugerint.
781 1013 982 1056 Perdicca
1008 1028 1164 1068 pueros
1185 1028 1316 1068 equos
1337 1014 1463 1054 iussit
1490 1024 1511 1054 4

106 1074 385 1115 conscendere
426 1077 468 1115 et
509 1088 605 1114 cum
645 1074 794 1129 paucis
836 1073 1070 1115 amicorum
1111 1073 1164 1114 ad
1195 1073 1462 1114 Leonnatum

104 1134 317 1188 pervenit,
350 1133 433 1174 iam
465 1133 652 1174 firmiore
684 1133 896 1187 praesidio
929 1133 1016 1174 vim
1047 1132 1394 1188 propulsaturus,
1428 1132 1464 1173 si

107 1194 202 1246 quis
246 1193 431 1234 inferret.
506 1192 684 1234 Postera
728 1192 794 1233 die
838 1192 1014 1248 indigna
1059 1207 1124 1233 res
1157 1192 1462 1234 Macedonibus
1491 1203 1510 1233 5

105 1251 345 1303 videbatur,
378 1251 622 1293 Perdiccam
664 1252 715 1292 ad
756 1252 907 1293 mortis
948 1252 1183 1306 periculum
1223 1251 1463 1305 adductum,

52 1329 85 1353 20
105 1313 147 1352 et
178 1311 382 1366 Meleagri
420 1312 703 1352 temeritatem
743 1310 869 1352 armis
907 1312 1047 1352 ultum
1085 1312 1145 1352 ire
1179 1311 1463 1353 decreverant.

107 1387 200 1408 *με*
241 1370 383 1424 Atque
417 1371 487 1412 ille
521 1370 728 1411 seditione
760 1371 947 1424 provisa,
992 1384 1088 1411 cum
1121 1385 1264 1426 regem
1297 1370 1463 1423 adisset,
1490 1381 1510 1412 6

105 1429 369 1485 interrogare
402 1444 499 1470 eum
526 1430 678 1484 coepit,
711 1445 765 1470 an
785 1428 1027 1471 Perdiccam
1055 1429 1344 1484 conprehendi
1374 1430 1464 1484 ipse

106 1488 310 1530 iussisset.
361 1488 439 1530 Ille
468 1489 673 1545 Meleagri
704 1488 913 1531 instinctu
946 1504 989 1530 se
1022 1489 1193 1531 iussisse
1225 1489 1462 1543 respondit:

107 1551 292 1589 ceterum
333 1562 419 1589 non
461 1548 612 1589 debere
654 1549 903 1589 tumultuari
947 1563 1035 1590 eos:
1068 1548 1312 1590 Perdiccam
1351 1548 1465 1589 enim

37 1610 86 1645 26
105 1607 258 1649 vivere.
342 1607 481 1663 Igitur
539 1607 736 1649 contione
787 1608 960 1649 dimissa
1009 1607 1223 1663 Meleager
1272 1608 1463 1662 equitum
1493 1619 1511 1649 7

56 1683 88 1708 26
108 1667 290 1708 maxime
341 1667 577 1708 defectione
627 1668 879 1721 perterritus
930 1668 1142 1721 inopsque
1192 1667 1359 1709 consilii
1413 1692 1460 1696 —

109 1726 266 1780 quippe
311 1726 355 1767 in
399 1726 539 1780 ipsum
580 1726 816 1780 periculum
849 1727 1099 1778 recciderat,
1144 1727 1259 1780 quod
1291 1727 1463 1767 inimico

205 1822 222 1852 1
251 1818 484 1865 abducendo]
515 1819 733 1853 adducendo
760 1823 803 1861 P,
836 1819 1030 1853 haucendo
1057 1823 1082 1852 L
1104 1832 1147 1853 m.
1165 1831 1222 1864 pr.
1351 1823 1371 1852 3
1402 1820 1464 1864 At]

110 1865 158 1898 ad
183 1868 256 1898 PV.
331 1867 494 1912 monere]
521 1877 673 1900 munere
693 1870 752 1900 ΕΙ,
775 1879 817 1900 m.
832 1878 892 1911 pr.
914 1871 949 1901 P.
1024 1867 1186 1913 imperii]
1213 1867 1409 1911 imperium
1431 1871 1463 1900 c.

108 1917 129 1946 4
155 1912 411 1958 sanciendum]
440 1914 677 1948 santiendum
702 1918 738 1947 L.
836 1914 875 1948 ni
904 1913 1072 1949 Modius:
1100 1925 1146 1948 ne
1167 1918 1206 1948 A.
1305 1918 1324 1947 5
1352 1925 1465 1947 nova-

107 1961 233 1993 turum
269 1960 435 1995 Modius:
473 1965 695 1995 nouatorum
727 1965 765 1995 A.
879 1961 984 2007 quid]
1024 1961 1089 2006 qui
1115 1965 1152 1996 F.
1283 1965 1300 1994 7
1335 1961 1460 2006 quem]

108 2018 221 2051 quam
255 2011 290 2041 P.
412 2008 643 2054 patiebatur]
679 2009 902 2052 paciebatur
934 2012 1004 2042 LP.
1152 2012 1171 2042 9
1207 2009 1383 2052 misitque
1423 2014 1460 2042 C:

107 2054 210 2089 misit
236 2058 271 2087 P.
395 2055 474 2101 qui]
502 2067 566 2090 om.
588 2060 623 2089 P.
750 2059 791 2090 10
818 2056 1024 2102 dubitaret]
1052 2056 1267 2090 dubitarent
1294 2060 1322 2089 V
1342 2068 1386 2090 m.
1404 2068 1461 2100 pr.

111 2105 151 2134 11
180 2101 369 2148 nuntiato]
390 2103 567 2137 nunciato
588 2107 623 2136 P.
700 2107 742 2137 13
769 2103 974 2149 mancipia]
1001 2104 1181 2148 mantipia
1200 2108 1236 2138 L.
1314 2108 1356 2137 14
1378 2114 1463 2137 con-

110 2149 264 2194 stantia]
292 2150 478 2184 constatia
503 2154 538 2183 P.
621 2154 663 2184 15
690 2161 822 2194 pueros
850 2151 990 2186 Lauer:
1018 2151 1142 2194 pueris
1169 2155 1207 2185 A.
1293 2154 1335 2184 16
1364 2151 1462 2196 cum]

111 2206 179 2229 con
199 2199 234 2229 P.
311 2201 351 2230 17
375 2197 549 2243 firmiore]
571 2197 732 2231 firmiora
751 2202 777 2231 F
798 2210 841 2232 m.
858 2210 917 2242 pr.
938 2202 963 2231 L
983 2210 1026 2233 m.
1046 2210 1101 2242 pr.
1117 2202 1153 2232 P.
1230 2201 1273 2232 20
1295 2198 1464 2232 decreve-

111 2243 211 2288 rant]
233 2243 448 2278 decreuerat
469 2249 504 2278 P.
543 2246 632 2279 Post
650 2246 714 2280 hoc
737 2246 878 2280 verbum
899 2246 1076 2289 quaedam
1097 2246 1268 2280 eoecidisse
1288 2247 1462 2280 eaeistz'mo.

112 2293 155 2323 ‘35
184 2290 372 2336 contione]
394 2292 570 2326 concione
590 2296 628 2326 V.
716 2296 760 2326 ’26
781 2293 1015 2338 perterritus]
1036 2293 1256 2336 pel-territur
1276 2296 1310 2326 P.
1408 2293 1464 2325 in-

111 2338 265 2383 opsque]
293 2337 474 2383 inobsque
500 2339 571 2374 FP.
671 2343 713 2373 27
741 2340 961 2385 recciderat]
988 2340 1171 2374 reciderat
1198 2343 1234 2373 B.
