1610 2522
35 712 67 737 10

16 877 63 912 15

35 1009 66 1034 15

33 1306 66 1331 :20

34 1604 66 1628 25

36 1900 69 1924 30

342 50 671 85 HIS'rofflARUM
699 49 977 84 ALEXANDRI
1004 50 1062 93 III,
1090 53 1120 83 5.
1149 52 1179 83 6.
1382 50 1429 90 17

87 159 241 214 quibus
268 159 303 200 ei
332 160 621 213 denuntiabat,
653 175 704 201 ne
732 159 911 201 salutem
939 174 1057 200 suam
1085 158 1286 213 Philippo
1321 174 1429 200 com-

86 219 292 260 mitteret:
343 219 457 260 mille
502 220 673 260 talentis
725 235 747 260 a
791 218 930 260 Dareo
977 221 1018 259 et
1062 233 1136 272 spe
1184 219 1427 272 nuptiarum

87 279 244 319 sororis
283 278 372 319 eius
411 293 500 320 esse
540 282 800 333 corruptum.
868 277 1092 334 Ingentem
1137 279 1278 319 animo
1320 279 1431 319 solli-
1460 291 1478 319 5

86 338 316 379 citudinem
349 337 514 379 litterae
548 339 830 390 incusserant,
869 340 928 390 et,
960 337 1167 391 quidquid
1200 339 1244 378 in
1276 340 1432 379 utram-

86 412 166 451 que
213 400 375 451 partem
422 401 495 438 aut
540 401 676 439 metus
722 400 795 438 aut
839 412 935 452 spes
980 397 1228 451 subiecerat,
1274 400 1431 437 secreta

84 457 379 498 aestimatione
426 457 642 511 pensabat.
725 457 892 498 ‘Bibere
936 460 1228 510 perseverem?
1280 460 1344 511 ut,
1397 457 1430 496 si
1460 471 1479 500 6

86 530 292 557 venenum
327 516 472 557 datum
504 517 654 561 fuerit,
686 532 738 557 ne
773 517 969 558 inmerito
1003 516 1191 570 quidem,
1225 515 1432 569 quidquid

84 575 300 629 acciderit,
336 577 526 617 evenisse
558 576 778 617 videatur?
840 575 1046 616 Damnem
1088 576 1238 617 medici
1277 575 1433 616 fidem?

86 635 127 675 in
156 634 427 677 tabernaculo
459 650 559 691 ergo
586 650 653 676 me
681 636 863 689 opprimi
890 636 1056 689 patiar?
1119 634 1177 676 At
1204 635 1337 676 satius
1370 639 1434 676 est

87 695 224 736 alieno
252 710 318 736 me
345 695 453 736 mori
476 695 630 736 scelere
651 710 777 749 quam
805 698 920 735 metu
940 695 1117 735 nostro'.
1180 694 1265 735 Diu
1292 695 1432 735 animo
1463 708 1479 738 7

88 754 130 794 in
163 753 327 795 diversa
360 757 526 795 versato
559 754 679 801 nulli,
713 755 814 808 quid
847 755 1052 808 scriptum
1087 757 1208 807 esset,
1241 755 1434 795 enuntiat

86 813 399 868 epistulamque
426 813 567 869 sigillo
596 814 711 855 anuli
740 814 805 855 sui
832 814 1022 868 inpresso
1050 814 1239 868 pulvino,
1272 814 1338 854 cui
1372 815 1434 854 in-

86 872 285 921 cubabat,
332 874 497 914 subicit.
571 872 688 914 Inter
737 873 813 914 has
860 873 1140 929 cogitationes
1185 873 1314 914 biduo
1366 873 1434 914 ab—
1461 886 1480 915 8

87 935 257 986 sumpto
296 933 452 974 inluxit
491 948 513 973 a
545 933 708 974 medico
742 933 976 974 destinatus
1017 933 1116 984 dies,
1155 936 1196 974 et
1234 933 1305 974 ille
1338 947 1433 974 cum

86 992 252 1046 poculo,
285 993 328 1032 in
361 1007 444 1046 quo
478 993 834 1034 medicamentum
867 992 1059 1045 diluerat,
1092 993 1277 1034 intravit.
1342 991 1434 1041 Quo
1462 1006 1481 1035 9

86 1052 176 1092 viso
216 1050 456 1093 Alexander
496 1052 635 1093 levato
675 1066 849 1106 corpore
894 1053 937 1092 in
977 1051 1107 1093 cubili
1147 1052 1372 1106 epistulam
1412 1066 1435 1092 a

86 1110 367 1152 Parmenione
404 1112 578 1153 missam
618 1112 790 1152 sinistra
828 1127 955 1152 manu
987 1114 1136 1152 tenens
1169 1112 1324 1166 accipit
1364 1127 1436 1165 po-

87 1171 229 1211 culum
289 1174 331 1211 et
386 1171 529 1212 haurit
579 1172 816 1213 interritus:
873 1174 963 1212 tum
1015 1171 1243 1225 epistulam
1296 1172 1434 1226 legere

87 1229 335 1284 Philippum
374 1230 492 1271 iubet
533 1245 609 1272 nec
654 1246 676 1271 a
714 1232 834 1272 vultu
873 1230 1055 1286 legentis
1099 1231 1234 1272 movit
1279 1231 1436 1281 oculos,

86 1292 216 1342 ratus,
249 1289 413 1343 aliquas
441 1290 724 1331 conscientiae
750 1293 873 1331 notas
906 1290 949 1330 in
983 1290 1074 1344 ipso
1110 1304 1180 1331 ore
1212 1305 1335 1344 posse
1368 1290 1435 1330 de-

86 1348 356 1402 prehendere.
430 1348 508 1391 Ille
546 1349 730 1404 epistula
769 1349 953 1404 perlecta
997 1349 1093 1403 plus
1132 1349 1435 1403 indignationis
1465 1362 1507 1393 10

88 1423 213 1462 quam
246 1409 418 1462 pavoris
453 1409 640 1450 ostendit
672 1410 957 1463 proiectisque
990 1409 1172 1450 amiculo
1207 1412 1248 1450 et
1279 1409 1434 1450 litteris

87 1470 183 1508 ante
222 1469 397 1510 lectum:
445 1467 580 1522 ech’,
624 1469 784 1522 inquit,
830 1469 1012 1523 ‘semper
1051 1468 1221 1523 quidem
1262 1470 1435 1523 spiritus

88 1541 207 1567 meus
240 1542 292 1568 ex
325 1530 365 1568 te
397 1528 610 1582 pependit,
649 1528 721 1568 sed
752 1542 863 1568 nunc
896 1542 992 1568 vere
1025 1528 1210 1569 arbitror
1243 1542 1361 1569 sacro
1396 1532 1437 1569 et

87 1586 317 1627 venerabili
346 1601 416 1628 ore
443 1586 556 1627 trahi
582 1590 667 1628 tuo.
733 1586 900 1628 Crimen
928 1587 1157 1642 parricidii,
1192 1587 1304 1641 quod
1331 1587 1436 1628 mihi
1466 1601 1504 1630 11

90 1645 303 1687 obiectum
344 1649 424 1700 est,
464 1650 537 1687 tua
575 1648 687 1688 salus
728 1647 876 1688 diluet:
916 1650 1107 1688 servatus
1146 1663 1169 1688 a
1207 1662 1274 1688 me
1305 1647 1435 1688 vitam

90 1704 195 1746 mihi
240 1705 415 1746 dederis.
492 1704 576 1747 Oro
623 1720 881 1760 quaesoque,
930 1707 1087 1748 omisso
1132 1709 1249 1748 metu
1293 1709 1436 1760 patere

89 1765 443 1806 medicamentum
483 1766 650 1819 concipi
687 1765 823 1807 venis:
861 1767 957 1807 laxa
988 1766 1205 1820 paulisper
1237 1767 1438 1817 animuin,

91 1838 215 1877 quem
242 1824 542 1878 intempestiva
569 1824 854 1866 sollicitudine
887 1826 1011 1866 amici
1044 1840 1142 1867 sane
1174 1826 1332 1877 fideles,
1365 1826 1437 1866 sed

90 1883 267 1924 moleste
294 1883 427 1925 seduli
455 1884 658 1925 turbant’.
720 1883 818 1925 Non
841 1899 1034 1926 securum
1062 1884 1187 1926 modo
1214 1884 1317 1926 haec
1343 1900 1437 1932 vox,

91 1942 161 1982 sed
201 1943 329 1984 etiam
362 1943 521 1984 laetum
560 1957 701 1998 regem
745 1958 791 1984 ac
822 1945 995 1998 plenum
1028 1944 1164 1985 bonae
1203 1945 1292 1998 spei
1325 1945 1436 1986 fecit.

186 2123 203 2152 1
231 2119 496 2165 committeret]
524 2120 754 2154 commiteret
776 2124 810 2153 P.
910 2124 929 2154 3
957 2120 1262 2166 sollicitudinem]
1291 2120 1437 2154 solluci-

89 2166 258 2200 tudinem
284 2170 322 2202 V,
411 2171 431 2201 8
459 2167 652 2213 acciderit]
680 2167 864 2202 accideret
889 2172 961 2210 LV,
989 2168 1155 2203 accidere
1182 2172 1217 2201 P.
1315 2172 1356 2202 12
1382 2169 1438 2202 in-

90 2213 265 2259 cubabat]
280 2214 519 2249 incumbebat
532 2218 568 2248 B.
646 2219 688 2249 13
709 2214 845 2249 subicit
858 2217 1003 2260 scripsi:
1026 2215 1184 2250 subiecit
1197 2219 1235 2249 A.
1314 2220 1354 2249 16
1376 2227 1438 2249 cu-

89 2261 156 2294 bili
182 2264 215 2295 1:
244 2262 364 2297 cubile
391 2265 430 2296 A.
520 2266 560 2296 18
588 2263 727 2308 haurit]
754 2263 852 2297 aurit
871 2267 906 2296 P.
1006 2268 1048 2297 25
1075 2263 1173 2297 trahi
1199 2266 1264 2297 tuo
1287 2264 1436 2298 Meiser:

90 2308 252 2342 trahitur
277 2313 315 2343 A.
409 2313 452 2343 ‘27
480 2309 642 2356 dederis]
669 2322 734 2345 om.
756 2315 781 2343 P
810 2324 851 2345 m.
869 2323 925 2355 pr.
1013 2311 1147 2345 omisso
1174 2315 1214 2344 P:
1243 2310 1378 2344 amisso
1405 2315 1436 2343 c.

163 2375 300 2400 szrws
322 2376 425 2400 Rufus
449 2376 491 2400 ed.
516 2376 691 2401 Hedicke.
732 2377 785 2402 Ed,
808 2378 909 2401 maior.
1206 2374 1224 2403 '2
