1610 2522
62 434 80 462 :2
85 432 106 461 0

67 1208 109 1238 23

130 73 186 113 42
632 78 670 116 o.
701 74 841 108 enirn
870 75 977 108 nrm

135 182 361 224 Alexandri
400 184 478 223 iani
516 183 568 221 ob
599 183 767 224 nimiam
804 183 919 236 regni
950 184 1223 238 cupiditatem
1254 185 1480 239 adulantis,

133 245 327 283 statuunt
363 243 571 283 neminem
607 258 696 284 esse
732 243 937 296 potiorem
974 259 1097 297 (1113111
1134 244 1475 298 Abdalonymum

133 302 356 356 quendam,
397 301 522 357 longa
564 302 731 356 quidem
774 304 1027 353 cognatione
1072 303 1193 358 stirpi
1232 305 1372 357 regiae
1411 305 1476 346 ad-

134 377 306 414 nexum,
351 362 422 402 sed
463 362 516 401 ob
556 361 741 415 inopiam
785 362 1073 403 suburbanum
1115 362 1286 405 hortum
1328 364 1481 418 exigua

133 422 342 462 colentem
383 423 501 475 stipe.
573 422 709 462 Causa
749 421 784 462 ci
820 423 1081 476 paupertatis
1121 424 1230 464 sicut
1269 423 1481 478 plerisque.
1520 441 1534 465 5

135 481 326 535 probitas
360 484 467 534 erat,
510 482 782 534 intentusque
822 483 938 536 operi
973 481 1124 523 diurno
1158 484 1380 537 strepitum
1420 498 1482 523 ar-

136 555 315 594 morum,
349 540 418 594 qui
454 544 586 582 totam
618 540 763 582 Asiam
792 545 1071 587 01111011550131,
1106 557 1186 583 non
1221 543 1482 584 exaudiebat.

136 600 287 641 Subito
323 600 484 652 deinde,
518 601 566 641 de
601 600 754 654 quibus
789 603 885 641 ante
913 601 1071 642 dictum
1107 604 1180 655 est,
1214 617 1307 643 cum
1344 604 1482 656 regiae
1505 605 1525 641 4

137 661 266 700 vestis
306 659 545 715 insignibus
584 660 753 701 hortum
793 660 966 713 intrant,
1005 676 1128 714 quern
1170 662 1279 702 forte
1319 661 1482 704 steriles

134 719 286 760 herbas
333 719 494 775 eligens
534 719 857 773 Abdalonymus
898 721 1165 775 repurgabat.
1238 721 1343 762 Tum
1386 737 1483 775 rege
1506 740 1538 764 ιο

135 793 183 819 eo
218 779 403 820 salutato
432 780 538 820 alter
570 794 619 820 ex
654 779 740 820 his:
775 779 1006 831 ‘Habitus'‚
1039 780 1190 835 inquit,
1224 780 1309 821 ‘hic
1342 781 1484 827 vestis,

136 854 259 892 quenl
296 839 432 880 cernis
467 840 508 880 in
542 839 647 880 ineis
680 840 889 893 manibus,
922 854 1016 881 cum
1052 841 1133 881 isto
1167 840 1362 894 squalore
1396 855 1484 895 per-

138 898 364 939 mutandus
404 899 482 940 tibi
522 902 596 940 est.
663 897 798 940 Ablue
838 913 990 953 corpus
1031 899 1188 941 inluvie
1222 901 1484 955 terrenisque

138 958 335 999 sordibus
382 959 641 1012 squalidum:
688 973 788 1012 cape
831 960 942 1013 regis
988 959 1175 1000 animum
1221 963 1261 1000 et
1307 961 1347 1000 in
1394 974 1483 1000 eam

137 1018 365 1071 fortunam,
405 1032 488 1071 (1113
526 1018 679 1073 dignus
719 1032 780 1071 es,
826 1019 950 1059 istam
992 1019 1295 1060 continentiam
1336 1019 1484 1073 perfer.
1510 1037 1539 1061 15

136 1076 193 1118 Et
227 1092 321 1118 cum
362 1078 404 1118 in
443 1077 575 1133 regali
615 1077 722 1120 solio
768 1078 972 1119 residebis
1011 1079 1123 1120 vitae
1163 1079 1361 1133 necisque
1400 1094 1486 1120 om-

138 1137 255 1178 nium
290 1137 446 1178 civium
475 1137 686 1190 dominus,
719 1152 818 1178 cave
847 1137 1113 1180 obliviscaris
1146 1142 1294 1192 status,
1327 1138 1367 1179 in
1403 1153 1486 1192 quo

138 1198 296 1251 accipis
331 1212 520 1252 regnum,
554 1197 698 1244 immo,
731 1197 914 1250 hercule,
946 1201 1121 1253 propter
1153 1198 1304 1252 quem’.
1369 1197 1487 1239 Som-

137 1257 208 1298 nio
231 1256 382 1298 similis
404 1272 469 1298 res
491 1256 791 1312 Abdalonymo
814 1258 1053 1298 videbatur:
1081 1258 1306 1310 interdum,
1331 1259 1487 1299 satisne

138 1316 226 1357 sani
263 1319 416 1369 essent,
450 1318 522 1371 qui
557 1320 642 1358 tam
678 1320 874 1372 proterve
908 1317 987 1357 sibi
1025 1317 1275 1372 inluderent,
1314 1332 1487 1372 percon·
1509 1335 1542 1359 20

139 1376 319 1417 tabatur.
395 1374 477 1417 Sed
527 1380 575 1417 ut
625 1378 842 1419 cunctanti
894 1377 1066 1431 squalor
1116 1377 1285 1418 ablutus
1336 1380 1398 1419 est
1448 1380 1489 1417 et

140 1436 293 1476 iniecta
339 1436 469 1477 vestis
513 1452 702 1491 purpura
746 1451 934 1490 auroque
980 1436 1180 1478 distincta
1232 1440 1272 1477 et
1317 1436 1422 1478 fides
1467 1451 1489 1477 a

140 1495 379 1537 iurantibus
412 1496 536 1548 facta,
569 1497 677 1538 serio
714 1496 793 1537 iam
828 1511 900 1538 rex
933 1495 1082 1537 iisdem
1113 1496 1414 1537 comitantibus
1448 1496 1489 1536 in

140 1555 296 1610 regiam
333 1557 538 1609 pervenit.
602 1555 732 1597 Fama
764 1555 925 1607 deinde,
958 1559 1005 1596 ut
1037 1555 1156 1609 solet⁷
1195 1560 1362 1597 strenue
1401 1558 1490 1597 tota

140 1614 243 1655 urbe
289 1614 506 1656 discurrit:
553 1615 733 1657 aliorum
779 1615 980 1668 studium,
1025 1615 1203 1657 aliorum
1250 1615 1488 1672 indignatio
1511 1632 1544 1658 25

139 1674 363 1727 eminebat,
390 1674 670 1716 divitissimus
699 1676 878 1728 quisque
905 1674 1190 1716 humilitatem
1220 1675 1491 1730 inopiamque

97 1745 108 1752 ‘
141 1733 230 1774 eius
276 1734 387 1788 apud
433 1734 592 1776 amicos
637 1734 866 1775 Alexandri
916 1734 1230 1775 criminabatur.
1308 1734 1490 1775 Admitti

141 1808 234 1834 eum
284 1808 354 1834 rex
394 1794 591 1848 protinus
639 1793 761 1835 iussit
807 1794 962 1848 diuque
1002 1793 1331 1847 contemplatus:
1379 1794 1491 1834 ‘Cor-

239 1963 250 1992 1
286 1958 485 1992 Alexandri
508 1959 578 1992 iam
600 1960 745 2003 scripsi:
775 1958 1027 1992 alexandriam
1050 1962 1077 1991 A
1098 1958 1305 2003 {alexandri
1331 1960 1432 2003 um.

141 2006 330 2040 adulantis
360 2008 502 2051 struem:
539 2006 779 2041 adulantibus
807 2009 844 2039 A.
980 2011 998 2039 ι’
1031 2005 1327 2049 Abdalonymum
1355 2010 1395 2039 P:
1431 2005 1493 2040 al·-

142 2053 369 2087 dalonimnm
400 2058 430 2087 C.
582 2058 621 2087 10
655 2054 935 2097 Abdalonymus
963 2054 1128 2087 Manlius:
1170 2054 1427 2088 abdaloniinus
1455 2057 1492 2087 A.

145 2105 185 2134 13
223 2101 450 2145 terrenisque
491 2103 803 2147 Smtlrenlmrqius:
845 2101 1077 2144 aeternisque
1110 2105 1148 2136 Α,
1298 2105 1338 2135 17
1374 2104 1493 2135 status

140 2149 286 2191 scripsi:
316 2148 424 2183 huius
447 2153 484 2182 A.
588 2153 628 2183 18
655 2149 797 2183 somnio
822 2149 984 2183 Illerula:
1014 2161 1140 2183 somno
1162 2152 1200 2182 A.
1303 2152 1342 2183 19
1371 2149 1494 2182 Abda-

142 2196 290 2240 lonymo
317 2200 357 2230 P:
387 2197 623 2231 abdaloniino
651 2201 682 2230 C.
771 2200 814 2230 23
842 2196 936 2230 serio
966 2198 1122 2231 Giunta:
1152 2207 1230 2230 sero
1258 2199 1296 2230 A.
1383 2197 1494 2230 comi-

143 2243 326 2289 tantibus]
364 2245 668 2278 commitantibus
702 2249 733 2277 c.
881 2248 922 2277 ⁸34
959 2246 1035 2278 tota
1073 2244 1161 2278 urbe
1193 2244 1358 2279 Medius:
1395 2246 1494 2278 totas

143 2291 251 2325 nrbes
278 2295 316 2324 A.
435 2297 477 2325 25
506 2292 685 2337 studium!
713 2292 873 2325 stadium
903 2295 927 2324 B
954 2304 997 2326 m.
1016 2304 1071 2336 pr.
1093 2296 1130 2325 F.
1248 2295 1290 2324 2ss
1318 2291 1493 2325 divitissi-

145 2340 239 2383 mus}
268 2339 500 2374 diutissimus
529 2343 564 2373 B.
