1610 2522
80 1073 113 1097 15

83 1370 116 1394 20

87 1963 121 1988 30

396 114 732 150 His‘roaiARUM
758 115 1041 149 ALEXANDRI
1069 116 1110 157 v,
1140 120 1170 149 4.
1194 120 1224 149 5.
1411 116 1490 156 125

133 224 510 279 conplectebantur
553 227 739 265 armatos
793 230 833 265 et
885 223 1048 279 ingenti
1099 238 1326 278 corporum
1378 224 1490 265 mole

134 298 274 325 secum
308 284 359 324 ad
393 287 548 324 terram
583 283 853 324 detrahentes
899 283 1087 337 ipsorum
1129 283 1224 324 telis
1264 282 1490 337 plerosque

133 343 364 384 fodiebant.
427 343 737 384 Ariobarzanes
764 345 906 384 tamen
939 354 1000 383 XL
1033 342 1165 383 ferme
1199 342 1415 396 equitibus
1450 346 1489 383 et
1519 354 1561 381 .:>;

135 418 159 443 v
192 402 363 444 milibus
402 402 594 457 peditum
637 403 822 456 stipatus
863 416 940 456 per
971 402 1154 443 mediam
1189 403 1320 443 aciem
1354 401 1490 443 Mace-

135 461 293 503 donum
335 476 429 503 cum
473 461 608 503 multo
651 476 824 502 suorum
873 464 999 515 atque
1043 462 1233 503 hostium
1285 462 1491 517 sanguine

133 521 286 575 erupit,
318 520 582 576 Persepolim
618 521 780 575 urbem,
814 524 942 575 caput
968 521 1167 575 regionis,
1194 535 1402 575 occupare
1434 521 1490 562 fe-

1519 354 1537 382 ωδ

133 581 306 622 stinans.
381 579 462 621 Sed
506 597 529 621 a
562 580 811 621 custodibus
850 580 968 621 urbis
1012 581 1208 622 exclusus
1250 580 1487 621 consecutis
1520 592 1539 621 εὶ

134 643 303 680 strenue
322 640 520 681 hostibus
547 654 642 681 cum
666 640 864 680 omnibus
891 640 1018 695 fugae
1040 640 1268 681 comitibus
1285 643 1490 681 renovato

133 700 296 754 proelio
331 699 492 740 cecidit.
557 697 756 740 Craterus
790 714 960 753 quoque
1002 700 1160 753 raptim
1193 699 1363 755 agmine
1396 702 1491 740 acto

134 759 389 812 supervenit.

225 817 315 858 Rex
348 818 496 859 eodem
522 819 629 871 1000,
651 832 735 872 quo
757 817 946 859 hostium
969 818 1113 872 copias
1140 819 1320 871 fuderat,
1354 821 1491 859 castra
1514 821 1544 853 Y

135 878 381 918 communit.
464 876 731 931 Quamquam
777 877 890 918 enim
942 878 1130 932 undique
1167 878 1307 933 fugati
1345 878 1491 919 hostes

133 937 354 978 victoriam
389 939 697 987 concesserant,
734 939 877 977 tamen
909 938 1122 991 praealtae
1153 937 1492 991 praecipitesque

133 995 272 1037 fossae
297 995 490 1049 pluribus
521 996 626 1037 10018
648 997 837 1037 obiectae
858 996 1117 1051 abruperant
1135 996 1229 1049 iter,
1250 997 1492 1050 sensimque

135 1058 176 1096 et
213 1059 335 1096 caute
374 1055 736 1110 progrediundum
780 1059 869 1097 erat
915 1057 999 1097 iam
1038 1070 1125 1097 non
1162 1057 1370 1110 hostium,
1421 1056 1494 1096 sed

134 1115 327 1155 locorum
372 1115 519 1156 fraude
564 1118 769 1169 suspecta.
839 1114 1090 1157 Procedenti
1124 1116 1162 1156 ei
1202 1115 1371 1156 litterae
1403 1115 1493 1156 red-

135 1173 293 1215 duntur
326 1189 349 1214 a
381 1174 589 1227 Tiridate,
631 1174 805 1216 custode
837 1175 1041 1229 pecuniae
1074 1175 1227 1230 regiae,
1258 1175 1493 1216 indicantes

136 1247 219 1286 eos,
262 1234 337 1286 qui
370 1234 413 1274 in
445 1233 549 1275 urbe
583 1238 743 1287 essent,
782 1234 928 1275 audito
969 1235 1058 1275 eius
1093 1235 1275 1275 adventu
1310 1235 1493 1288 diripere

136 1292 242 1333 velle
274 1293 515 1334 thesauros:
560 1296 809 1347 properaret
848 1308 1055 1348 occupare
1097 1294 1318 1335 thesauros
1352 1294 1494 1335 dimis—

136 1366 223 1393 sos:
279 1353 525 1406 expeditum
570 1353 650 1394 iter
695 1367 806 1406 esse,
852 1368 1110 1407 quamquam
1151 1353 1313 1394 Araxes
1357 1354 1493 1394 amnis

137 1411 365 1452 interfluat.
418 1410 591 1453 Nullam
627 1413 826 1454 virtutem
859 1414 970 1468 regis
1003 1413 1155 1453 iustius
1190 1428 1316 1467 quam
1350 1413 1493 1454 celeri-

136 1474 264 1511 tatem
293 1471 573 1512 laudaverim:
604 1471 763 1512 relictis
790 1472 1057 1526 pedestribus
1080 1472 1214 1526 copiis
1246 1475 1337 1513 tota
1369 1474 1494 1513 nocte

136 1534 268 1571 vec-ins
306 1545 402 1572 cum
440 1531 655 1584 equitibus
689 1531 852 1572 itineris
892 1534 1011 1572 tanto
1045 1532 1182 1586 spatio
1216 1532 1408 1587 fatigatis
1442 1531 1493 1572 ad

137 1589 307 1631 Araxen
340 1590 477 1644 prima
510 1590 603 1632 luce
636 1591 841 1644 pervenit.
875 1590 972 1631 Vici
1005 1594 1124 1632 erant
1157 1591 1201 1632 in
1232 1591 1493 1645 propinquo:

104 1667 114 1673 ⁷
139 1649 293 1703 quibus
321 1648 474 1690 dirutis
506 1652 681 1703 pontem
710 1664 758 1689 ex
787 1650 964 1691 materia
991 1664 1137 1691 eorum
1166 1651 1348 1691 subditis
1381 1652 1493 1691 saxis

139 1710 307 1749 strenue
338 1708 518 1749 induxit.

227 1766 402 1820 Iamque
447 1767 559 1808 haud
603 1770 752 1821 procul
794 1769 897 1809 urbe
936 1776 1072 1821 erant,
1115 1784 1209 1810 cum
1252 1769 1494 1810 miserabile

139 1840 291 1880 agmen
325 1827 435 1868 inter
454 1841 588 1881 pauca
612 1827 809 1869 fortunae
835 1829 1028 1882 exempla
1049 1829 1370 1869 memorandum
1402 1828 1493 1883 regi

141 1887 335 1927 occurrit.
382 1885 552 1941 Captivi
586 1890 705 1928 erant
738 1885 886 1929 Graeci
918 1888 970 1928 ad
1002 1899 1071 1928 ΗΠ
1104 1888 1223 1928 1111113
1255 1888 1354 1941 fere,
1387 1902 1494 1941 quos

139 1944 293 1986 Persae
325 1945 443 1985 vario
477 1946 783 2000 suppliciorum
816 1947 941 1988 modo
976 1947 1227 1988 adfecerant.
1272 1947 1392 1988 Alios
1426 1962 1494 2001 pe-

237 2089 256 2118 4
283 2099 305 2120 v
331 2085 482 2119 milibus
508 2090 540 2119 1:
568 2090 621 2120 VR
649 2090 687 2120 A.
772 2086 941 2130 peditum
968 2098 1033 2121 om.
1055 2091 1080 2120 P
1104 2100 1146 2121 m.
1162 2099 1220 2131 pr.
1317 2092 1337 2121 5
1365 2087 1493 2132 atque]

142 2133 262 2176 adque
289 2136 368 2176 PV,
400 2133 527 2176 itaque
554 2137 590 2167 F.
709 2138 727 2167 6
755 2134 883 2179 caput]
911 2134 1031 2178 capud
1057 2138 1093 2168 P.
1218 2139 1236 2168 7
1271 2134 1494 2180 consecutis]

144 2182 361 2215 consecutus
388 2184 423 2214 P.
548 2186 589 2214 11
617 2181 780 2226 fuderat]
807 2181 953 2215 fuderet
978 2185 1004 2214 P
1032 2194 1073 2216 m.
1096 2194 1155 2226 pr.
1277 2186 1317 2215 15
1345 2193 1495 2226 progre-

145 2227 340 2273 diundum]
367 2228 708 2273 praegrediundum
728 2233 763 2262 P.
847 2233 886 2262 17
915 2229 1097 2275 Tiridate]
1124 2229 1288 2273 tyridate
1315 2232 1422 2263 BFV.

144 2274 366 2320 indicantes]
393 2275 609 2310 indecantes
634 2279 660 2309 P
682 2288 724 2310 m.
740 2288 799 2320 pr.
900 2280 940 2310 21
968 2276 1102 2310 iustius
1129 2278 1289 2321 Ieepius:
1321 2276 1428 2310 istius
1456 2279 1495 2310 A.

146 2325 188 2355 22
209 2325 316 2356 nocte
336 2327 482 2357 vectus
509 2324 629 2367 Voyel:
652 2326 758 2357 nocte
781 2327 818 2356 A.
896 2328 937 2357 ‘27
960 2324 1050 2358 urbe
1071 2325 1211 2358 Lauer:
1233 2324 1364 2357 urbem
1384 2327 1423 2358 A.

145 2369 371 2414 miserabile]
397 2370 601 2404 miserabili
625 2374 650 2403 P
669 2382 713 2404 m.
730 2383 788 2415 pr.

1522 1127 1539 1156 '2
