1610 2522
53 735 85 759 10

53 1032 84 1056 15

53 1328 86 1353 20

55 1625 87 1649 25

397 72 731 107 HISTORIARUM
757 71 1041 106 ALEXANDRI
1068 72 1111 115 X,
1138 76 1168 107 8.
1376 72 1460 113 383

103 183 200 224 data
227 183 339 238 regis
365 181 608 235 edidissent,
637 196 723 223 non
749 181 872 222 aliter
898 181 1114 235 posituros
1141 196 1257 221 arma
1286 180 1460 235 equites,

103 258 229 296 quani
273 243 308 282 si
349 256 421 282 rex
455 241 688 282 discordiae
721 244 915 282 auctores
947 240 1192 293 dedidisset,
1235 240 1369 281 tulere
1402 254 1462 280 re-

104 316 320 357 sponsum.
373 301 452 342 His
484 300 738 342 renuntiatis
773 315 848 341 sua
880 303 1030 354 sponte
1063 315 1177 341 arma
1210 299 1367 341 milites
1395 314 1458 340 ca-

105 361 239 415 piunt.
313 360 502 409 Quorum
547 361 736 401 tumultu
781 375 802 400 e
847 359 964 415 regia
1009 359 1234 414 Philippus
1279 359 1460 400 excitus:

105 419 281 473 ‘Nihil,'
320 420 478 474 inquit,
519 419 741 460 ‘seditione
775 421 837 460 est
871 433 995 473 opus:
1028 433 1125 460 nam
1159 420 1270 460 inter
1302 433 1345 459 se
1378 433 1461 459 cer—

104 481 286 521 tantium
319 479 522 533 praemia,
568 480 639 533 qui
679 478 934 532 quieverint,
980 478 1260 532 occupabunt.
1324 476 1461 519 Simul

105 542 361 581 mementote
395 553 481 579 rem
515 553 604 578 esse
635 553 729 579 cum
758 538 937 579 civibus:
972 537 1126 592 quibus
1154 552 1272 592 spem
1300 537 1461 593 gratiae

106 599 190 640 cito
225 598 474 652 abrumpere
501 597 552 638 ad
579 597 738 638 bellum
766 598 889 639 civile
916 598 1236 651 properantium
1265 600 1340 638 est.
1390 596 1462 637 Al—

105 661 196 699 tera
234 657 464 712 legatione,
509 672 560 697 an
600 657 787 712 mitigari
828 657 1013 711 possint,
1058 657 1336 711 experiamur.
1406 656 1463 697 Et

105 717 228 758 credo
268 717 455 758 nondum
495 717 606 771 regis
646 731 821 770 corpore
855 717 1020 770 sepulto
1055 717 1105 757 ad
1139 716 1391 770 praestanda
1425 716 1463 755 ei

105 778 217 818 iusta
255 777 392 817 omnis
432 790 522 817 esse
556 776 753 818 coituros.
819 774 941 824 Quod
974 775 1024 816 ad
1058 790 1125 816 me
1158 775 1329 829 attinet,
1372 775 1460 816 red-

106 836 202 877 dere
246 836 326 876 hoc
368 835 592 889 imperium
636 835 748 877 malo
789 850 915 888 quam
955 849 1149 876 exercere
1182 835 1337 876 civium
1371 849 1462 875 san-

105 896 250 951 guine:
294 898 335 937 et
367 895 403 936 si
435 896 551 936 nulla
583 895 666 935 alia
699 894 947 936 concordiae
981 909 1076 948 spes
1109 896 1191 947 est,
1231 909 1304 936 oro
1339 908 1463 948 quae-

106 969 250 1008 soque,
270 954 415 1010 eligite
434 953 672 1007 potiorem.’
701 953 875 995 Obortis
898 953 1046 994 deinde
1066 954 1251 995 lacrimis
1273 954 1463 994 diadema

107 1013 291 1055 detrahit
333 1013 462 1067 capiti
495 1013 731 1067 dexteram,
776 1028 858 1067 qua
890 1013 931 1053 id
965 1013 1153 1066 tenebat,
1196 1013 1463 1067 protendens,

106 1077 164 1127 ut,
198 1074 233 1114 si
267 1074 360 1126 quis
392 1087 434 1113 se
461 1073 697 1128 digniorem
725 1074 1010 1127 profiteretur,
1043 1073 1263 1127 acciperet.
1314 1071 1465 1127 Ingen-

106 1135 192 1173 tem
225 1147 345 1186 spem
378 1132 532 1173 indolis
566 1135 662 1173 ante
696 1147 790 1173 eum
824 1132 933 1173 diem
966 1133 1110 1173 fratris
1145 1133 1338 1173 claritate
1369 1147 1462 1185 sup-

108 1206 276 1245 pressae
314 1194 401 1232 tam
443 1191 659 1233 moderata
692 1192 894 1233 excitavit
927 1192 1075 1233 oratio.
1139 1190 1290 1246 Itaque
1323 1192 1463 1232 cuncti

108 1252 264 1293 instare
309 1254 556 1304 coeperunt,
601 1254 666 1303 ut,
712 1265 817 1305 quae
860 1252 1081 1307 agitasset,
1127 1251 1279 1304 exequi
1324 1253 1462 1292 vellet.

105 1310 289 1352 Eosdem
322 1325 467 1351 rursus
500 1310 616 1365 legat
647 1311 876 1364 petituros,
917 1313 963 1351 ut
994 1309 1255 1365 Meleagrum
1291 1310 1464 1351 tertium

109 1370 256 1410 ducem
290 1369 540 1423 acciperent.
591 1368 717 1410 Haud
750 1384 873 1424 aegre
900 1370 942 1410 id
968 1370 1227 1424 inpetratum
1258 1373 1338 1410 est:
1365 1384 1463 1409 nam

109 1434 150 1470 et
195 1429 400 1470 abducere
438 1428 701 1484 Meleagrum
734 1429 934 1471 Perdicca
978 1445 1001 1470 a
1045 1443 1144 1484 rege
1184 1429 1384 1484 cupiebat
1423 1431 1464 1469 et

107 1503 239 1529 unum
278 1487 443 1529 duobus
482 1488 671 1542 inparem
704 1488 897 1529 futurum
931 1503 1022 1529 esse
1056 1489 1264 1530 censebat.
1328 1488 1465 1544 Igitur

106 1547 321 1602 Meleagro
355 1561 450 1588 cum
483 1547 694 1602 phalange
729 1547 896 1589 obviam
930 1562 1099 1602 egresso
1126 1547 1325 1588 Perdicca
1351 1548 1463 1602 equi-

108 1609 199 1647 tum
244 1609 407 1647 turmas
451 1607 702 1647 antecedens
750 1608 945 1648 occurrit.
1026 1606 1268 1661 Utrumque
1314 1622 1465 1662 agmen

109 1669 256 1707 mutua
289 1666 544 1707 salutatione
576 1665 688 1708 facta
722 1667 807 1708 coit
840 1667 882 1707 in
915 1669 1181 1721 perpetuum,
1214 1670 1262 1708 ut
1288 1666 1465 1707 arbitra-

108 1725 275 1778 bantur,
307 1725 533 1766 concordia
567 1728 608 1766 et
640 1740 743 1779 pace
774 1726 951 1767 firmata.

206 1857 222 1885 1
252 1852 471 1899 edidissent]
505 1853 668 1887 edissent
694 1857 720 1886 B
740 1866 860 1898 ‘nuptu
996 1859 1014 1888 3
1042 1854 1109 1888 His
1136 1855 1279 1888 Laeter:
1313 1853 1359 1887 iis
1386 1857 1462 1895 BF,

108 1899 139 1934 is
166 1903 238 1933 LV.
359 1901 599 1946 renuntiatis]
626 1901 875 1935 renuntiantis
901 1905 940 1936 V.
1063 1906 1083 1935 4
1111 1901 1276 1935 tumultu
1303 1913 1321 1934 e
1347 1905 1380 1935 1:
1407 1903 1463 1934 tu·

108 1947 253 1981 multua
281 1958 299 1981 e
326 1950 419 1980 BFL
440 1960 540 1989 coron,
567 1948 729 1982 tumulta
757 1960 774 1982 e
801 1953 825 1981 L
845 1960 890 1983 m.
906 1961 977 1993 pta,
1004 1949 1167 1983 tumultu
1195 1961 1216 1982 a
1241 1952 1281 1982 V.
1380 1948 1464 1982 Phi-

108 1994 250 2040 lippus]
277 1994 481 2038 phylippus
508 1999 577 2029 FL.
678 2000 697 2029 ὃ
723 1996 861 2042 inquit]
889 1996 1021 2040 inquid
1046 2001 1085 2030 V.
1192 2000 1210 2030 6
1239 1996 1465 2041 quieverint]

109 2042 368 2085 quieuenerint
395 2046 430 2076 L.
554 2046 571 2075 7
601 2043 698 2088 cum]
726 2055 792 2077 om.
814 2048 839 2076 F
861 2056 904 2078 m.
920 2056 979 2088 pr.
1104 2044 1262 2089 civibus]
1290 2043 1464 2077 ciuilibus

109 2092 134 2122 B
163 2102 280 2133 mpr.
411 2092 453 2123 13
493 2089 523 2123 si
555 2089 674 2135 nulla]
708 2090 785 2124 sine
819 2090 897 2125 ulla
930 2094 955 2124 B
982 2103 1101 2135 mpr.
1231 2091 1464 2136 concordiae]

110 2136 282 2170 concordi
308 2140 344 2170 L.
463 2141 504 2170 14
533 2136 696 2183 Obortis]
725 2138 890 2172 obhortis
916 2142 955 2172 V.
1074 2142 1115 2172 17
1144 2149 1361 2182 suppressae
1388 2141 1465 2172 tam

110 2183 301 2217 moderata·
326 2185 471 2228 scripsi:
499 2196 718 2228 suppressae
745 2187 782 2219 et
808 2186 1022 2220 amoderata
1048 2189 1087 2220 A.
1212 2190 1255 2219 20
1283 2186 1464 2229 petituros

111 2231 250 2265 Lauer:
276 2231 460 2275 petiturus
487 2235 526 2265 A.
643 2232 810 2278 tertium]
837 2234 991 2267 tercium
1020 2237 1055 2267 L.
1168 2237 1209 2266 21
1238 2233 1276 2266 id
1303 2234 1465 2276 inpetra-

110 2279 205 2323 tum]
239 2280 282 2312 ab
308 2279 364 2313 his
392 2279 504 2313 verbis
532 2280 664 2323 incipit
691 2285 720 2314 S.
828 2284 870 2313 24
899 2282 1063 2326 egresso]
1095 2291 1264 2325 regresso
1293 2285 1312 2313 S
1347 2292 1389 2313 m.
1404 2292 1463 2324 pr.

111 2329 154 2358 25
167 2325 341 2371 occurrit]
355 2326 496 2360 occurit
507 2330 532 2359 F
544 2338 587 2360 m.
594 2338 651 2370 pr.
716 2331 758 2360 26
772 2327 1066 2373 arbitrabantur]
1081 2328 1344 2361 arbitrantur-F
1355 2339 1399 2361 m.
1405 2339 1463 2370 pr.

1490 306 1531 337 16

1489 485 1530 515 17

1490 604 1533 635 18

1490 783 1532 814 19

1490 965 1534 996 20

1491 1080 1533 1110 21

1492 1321 1534 1351 22

1490 1499 1534 1530 23
