1610 2522
312 107 645 142 HISTORIARUM
672 108 955 142 ALEXANDRI
982 109 1094 153 VIIII,
1123 114 1152 144 9.
1177 114 1229 144 10.
1360 112 1445 152 345

91 217 241 258 deinde
272 217 521 272 praemisso,
565 220 613 258 ut
644 220 794 271 puteos
826 217 1008 272 foderet,
1041 233 1124 272 qua
1156 219 1346 260 terrestri
1378 219 1445 261 iti-

89 290 189 317 nere
215 276 417 318 ducturus
445 277 674 318 exercitum
702 276 925 318 videbatur
952 303 1006 306 —
1035 279 1192 332 quippe
1219 279 1330 320 sicca
1356 282 1446 320 erat

90 337 207 391 regio
235 361 302 377 —.
330 337 421 390 ipse
447 350 543 377 cum
571 336 706 390 copiis
740 336 936 377 subsistit
970 352 1143 378 vernum
1176 341 1346 392 tempus
1378 354 1446 379 ex-

92 398 274 448 pectans.
337 394 514 436 Interim
558 398 599 436 et
639 395 764 436 urbes
803 397 1027 450 plerasque
1066 397 1255 438 condidit
1295 402 1330 439 et
1362 397 1444 439 Ne·
1471 410 1491 439 3

55 474 69 497 r,
90 454 217 495 archo
256 459 383 508 atque
417 453 655 496 Onesicrito
693 455 888 497 nauticae
925 457 984 496 rei
1025 457 1174 510 peritis
1208 457 1445 511 imperavit,

90 518 138 554 ut
181 514 463 555 validissimas
508 515 679 555 navium
725 515 980 557 deducerent
1018 517 1062 556 in
1095 515 1306 557 Oceanum
1349 532 1444 571 pro-

91 575 319 627 gressique,
347 574 485 627 quoad
511 576 605 615 tuto
626 578 812 628 possent,
837 578 1034 616 naturam
1056 576 1182 616 maris
1203 580 1443 617 noscerent:

90 633 155 673 vel
188 633 333 673 eodem
369 648 491 674 amne
523 634 590 674 vel
622 632 842 687 Euphrate
882 634 1023 675 subire
1056 650 1127 676 eos
1160 650 1302 689 posse,
1347 650 1440 677 cum

87 692 241 733 reverti
274 692 325 733 ad
359 708 401 733 se
434 695 600 734 vellent.

17 756 66 791 39
176 750 350 805 Iamque
393 752 590 807 mitigata
629 751 768 793 hieme
808 756 849 793 et
887 753 1084 806 navibus,
1130 769 1236 807 quae
1269 754 1442 795 inutiles
1469 767 1490 796 4

34 831 64 854 11
87 810 358 858 videbantur,
401 812 597 853 crematis
639 814 750 852 terra
786 812 966 853 ducebat
998 814 1240 854 exercitum.
1305 813 1442 855 Nonis
1470 826 1489 856 5

87 871 236 911 castris
276 871 319 911 in
350 871 566 926 regionem
600 869 829 924 Arabiton,
875 872 971 913 inde
1004 873 1182 913 totidem
1217 873 1364 914 diebus
1398 874 1441 914 in

88 929 386 970 Cedrosiorum
429 933 678 984 perventum
722 934 797 971 est.
859 931 986 972 Liber
1024 931 1094 973 hic
1126 933 1310 986 populus
1345 948 1440 974 con-

88 988 186 1029 cilio
228 989 375 1030 habito
415 990 575 1030 dedidit
613 1004 673 1042 se,
717 1004 793 1031 nec
827 992 1053 1045 quicquam
1089 991 1242 1032 deditis
1274 995 1442 1046 praeter

34 1067 66 1091 15
88 1051 350 1089 commeatus
389 1049 643 1103 imperatum
677 1052 749 1090 est.
815 1049 972 1098 Quinto
1006 1051 1107 1092 hinc
1140 1051 1207 1092 die
1240 1052 1356 1092 venit
1389 1052 1441 1093 ad
1468 1065 1487 1094 6

88 1107 261 1149 flumen:
294 1108 485 1149 Arabum
527 1109 690 1149 incolae
728 1111 956 1164 appellant.
1022 1110 1156 1166 Regio
1197 1111 1361 1152 deserta
1400 1115 1441 1152 et

85 1181 291 1220 aquarum
325 1169 447 1221 inops
475 1169 648 1222 excipit:
683 1183 809 1222 quam
837 1184 1032 1210 emensus
1061 1171 1103 1210 in
1124 1170 1300 1211 Horitas
1327 1174 1439 1211 tran-

85 1226 150 1266 sit.
214 1226 279 1267 Ibi
320 1228 524 1269 maiorem
567 1228 777 1268 exercitus
816 1232 980 1282 partem
1013 1229 1325 1284 Hephaestioni
1358 1234 1438 1271 tra-

85 1285 209 1338 didit,
249 1285 384 1327 levem
425 1290 679 1328 armaturam
722 1302 817 1328 cum
849 1288 1098 1330 Ptolomaeo
1132 1289 1439 1343 Leonnatoque

30 1363 62 1387 ευ
83 1345 266 1398 partitus
305 1348 379 1386 est.
443 1346 541 1387 Tria
581 1346 706 1387 simul
745 1348 917 1402 agmina
948 1349 1267 1402 populabantur
1298 1348 1438 1403 Indos,
1467 1362 1484 1392 7

83 1418 345 1459 magnaeque
378 1405 556 1459 praedae
589 1409 705 1447 actae
740 1410 854 1447 sunt:
887 1408 1126 1449 maritimos
1152 1408 1438 1462 Ptolomaeus,

84 1466 247 1505 ceteros
289 1465 378 1517 ipse
419 1480 492 1505 rex
535 1470 576 1505 et
615 1466 666 1506 ab
701 1466 783 1506 alia
816 1469 936 1520 parte
968 1467 1212 1508 Leonnatus
1244 1468 1436 1509 urebant.

82 1520 130 1562 In
157 1522 236 1564 hac
264 1538 432 1577 quoque
458 1525 631 1578 regione
658 1525 805 1566 urbem
833 1526 1035 1580 condidit,
1063 1527 1315 1581 deductique
1339 1531 1438 1568 sunt

83 1581 126 1621 in
161 1597 252 1622 eam
285 1582 521 1624 Arachosii.

11 1644 60 1679 40
171 1640 281 1682 Hinc
320 1643 514 1696 pervenit
552 1644 601 1684 ad
643 1645 880 1685 maritimos
913 1644 1050 1686 Indos.
1114 1645 1336 1687 Desertam
1370 1662 1438 1687 va-
1464 1660 1483 1690 8

28 1717 60 1742 26
83 1702 277 1754 stamque
309 1702 525 1756 regionem
559 1702 643 1743 late
676 1706 822 1744 tenent
848 1719 894 1744 ac
921 1719 973 1745 ne
1001 1719 1095 1745 cum
1122 1705 1318 1746 finitimis
1347 1706 1436 1759 qui-

83 1759 175 1799 dem
221 1762 309 1801 ullo
356 1762 598 1803 commercii
644 1763 734 1803 iure
778 1763 1022 1804 miscentur.
1107 1763 1203 1818 Ipsa
1249 1765 1435 1806 solitudo
1463 1779 1482 1808 9

177 1856 196 1885 3
223 1864 373 1887 vernum
401 1857 426 1886 B
450 1866 491 1887 m.
513 1866 596 1889 sec:
624 1855 729 1887 uerni
756 1858 794 1888 A.
901 1860 921 1888 4
948 1856 1161 1903 plerasque]
1188 1858 1383 1902 plerosque
1410 1861 1435 1891 B

83 1912 198 1944 m.pr.
343 1906 381 1935 et
406 1901 575 1936 Nearcho
603 1902 803 1936 Kz'nchz'us:
834 1904 994 1938 nearcho
1021 1908 1059 1939 A.
1183 1909 1202 1940 8
1230 1906 1434 1951 Euphrate]

81 1946 286 1991 euphraten
301 1952 336 1982 P.
402 1952 443 1982 10
464 1949 599 1995 hieme]
620 1949 714 1983 ieme
729 1953 764 1983 P.
830 1954 871 1984 12
893 1951 1083 1996 regionem
1104 1956 1137 1985 1:
1157 1953 1309 1997 regione
1324 1957 1363 1987 A.

79 1994 262 2029 Arabiton
288 1996 492 2030 Bentlesus:
522 1997 693 2031 aboriton
713 2000 751 2031 A.
860 2003 902 2032 14
928 1998 1073 2044 habito]
1101 1999 1202 2033 abito
1229 2005 1264 2034 P.
1373 2001 1436 2034 de-

82 2041 192 2087 didit]
221 2042 325 2077 dedit
351 2047 376 2076 P
397 2056 440 2077 m.
456 2056 515 2087 pr.
614 2045 697 2089 nec]
724 2056 770 2078 ne
796 2049 832 2079 F.
934 2051 976 2080 16
1003 2047 1167 2081 Arabum
1188 2049 1324 2082 Aldus:
1351 2048 1435 2082 bar-

80 2088 211 2123 barum
236 2093 275 2123 A.
405 2095 445 2124 17
473 2091 596 2137 inops]
622 2091 730 2126 inobs
756 2096 791 2126 Ρ.
912 2093 1061 2127 Horitas
1090 2095 1310 2130 Frobem'us:
1337 2095 1434 2129 nori-

80 2137 138 2169 tas
158 2140 196 2169 A.
274 2141 316 2171 18
339 2138 607 2182 Hephaestioni
630 2140 781 2184 Caspios:
810 2141 1017 2184 ephestioni
1039 2145 1079 2175 A.
1157 2147 1198 2176 19
1219 2143 1434 2177 Ptolomaeo

80 2184 223 2227 scripsi:
251 2184 438 2228 ptolomeo
458 2189 498 2228 V,
526 2186 739 2230 ptholomeo
761 2190 871 2230 BLP,
898 2188 1086 2223 tholomeo
1101 2193 1136 2223 F.
1214 2194 1257 2223 ‘20
1278 2190 1434 2234 popula—

80 2230 229 2276 bantur]
250 2232 526 2275 pepulabantur
551 2237 576 2266 B
604 2246 648 2268 m.
670 2247 728 2278 pr.
809 2239 849 2269 21
877 2235 1113 2270 Ptolomaeus
1139 2239 1284 2281 scrip->12
1313 2237 1432 2281 ptolo-

79 2288 182 2312 meus
214 2282 260 2321 V,
295 2280 531 2323 ptholomeus
564 2284 700 2316 BFLP.
831 2287 873 2316 22
902 2283 1130 2329 Leonnatus]
1169 2284 1362 2318 leonnatos
1395 2289 1432 2318 F.

81 2329 124 2358 24
151 2325 190 2358 in
219 2336 299 2359 eam
320 2327 541 2362 Frobem'us:
568 2329 669 2362 inam
690 2332 728 2362 A.
824 2334 866 2363 -26
894 2331 1037 2376 tenent]
1065 2334 1145 2365 tent
1171 2336 1206 2373 P,
1234 2333 1381 2366 tentent
1407 2336 1433 2364 F

80 2384 123 2405 m.
139 2385 197 2416 pr.
297 2374 464 2408 finitimis
490 2379 522 2408 1:
552 2376 772 2409 finitissimis
798 2380 836 2410 A.
