1610 2522
380 93 715 128 HISTORIAR-UM
743 92 1023 126 ALEXANDRI
1052 92 1094 134 Y,
1123 97 1152 125 7.
1175 96 1206 125 S.
1392 92 1474 132 133

119 204 294 244 classem
329 206 371 244 et
404 203 627 257 exercitus,
659 203 813 257 quibus
838 201 1012 255 Europa
1044 200 1250 241 inundata
1271 204 1346 254 est,
1381 215 1475 241 con-

120 263 310 304 tibulato
332 262 436 303 mari
459 262 644 303 molibus
664 261 953 316 pelfossisque
974 260 1205 314 montibus,
1226 260 1270 301 in
1291 274 1474 314 quorum

119 335 268 376 specus
301 322 457 363 fretum
490 322 713 362 inmissum
742 324 817 362 est
872 319 933 361 Ac
961 335 1013 360 ne
1038 322 1126 361 tam
1148 294 1277 374 longa
1304 320 1475 374 quidem
1503 332 1522 359 9

118 384 266 427 aetate
300 396 406 436 quae
434 381 643 422 excidium
672 381 762 421 eius
789 383 933 422 secuta
960 382 1035 432 est,
1067 379 1310 421 resurrexit.
1356 374 1475 420 Alias

81 459 96 483 5
120 440 242 482 urbes
281 444 497 482 vastavere
535 440 813 481 Macedonum
854 454 991 495 reges,
1031 453 1133 493 quas
1172 453 1285 479 nunc
1316 438 1477 479 habent

122 500 284 541 Parthi:
329 500 455 541 huius
493 501 721 554 vestigium
757 514 840 540 non
875 499 1154 552 inveniretur,
1197 497 1278 538 nisi
1313 497 1476 539 Araxes

117 560 254 600 amnis
282 560 533 600 ostenderet
584 559 711 600 Haud
731 550 880 613 procul
907 557 1129 599 moenibus
1153 558 1352 599 fluxerat:
1378 558 1477 598 inde

117 618 264 660 urbem
298 619 429 660 fuisse
460 631 522 659 XX
549 619 697 660 stadiis
724 619 952 659 distantem
980 618 1158 659 credunt
1183 617 1321 672 magis
1349 632 1474 671 quam

118 678 257 720 sciunt
301 678 480 720 accolae.
555 678 747 719 Pudebat
786 677 1039 719 Macedones
1084 680 1171 718 tam
1216 677 1477 730 praeclaram
1507 686 1548 716 10

65 755 98 780 10
117 738 263 779 urbem
305 753 328 779 a
367 738 695 780 comissabundo
734 752 833 793 rege
866 737 1048 778 deletam
1082 751 1189 778 esse:
1233 737 1378 789 itaque
1410 750 1476 777 res

118 797 161 837 in
195 798 351 838 serium
385 812 504 839 versa
536 800 610 851 est,
644 801 685 838 et
718 798 1034 851 imperaverunt
1060 796 1155 850 sibi,
1187 799 1235 836 ut
1261 796 1477 837 crederent

119 857 192 898 1Πο
238 857 509 910 potissimum
555 857 681 898 modo
727 857 857 898 fuisse
903 856 1136 897 delendam.
1216 854 1382 910 Ipsum,
1429 857 1478 896 ut
1506 867 1545 896 11

117 917 302 970 primum
329 920 503 972 gravato
532 916 735 957 ebrietate
755 919 939 957 mentem
967 916 1086 969 quies
1113 914 1308 968 reddidit,
1337 915 1477 968 paeni-

117 976 249 1016 tuisse
282 979 448 1017 constat
480 978 521 1017 et
549 976 715 1029 dixisse!
749 975 930 1016 maiores
956 989 1114 1029 poenas
1137 973 1307 1015 Graecis
1327 973 1477 1015 Persas

66 1052 96 1076 1⁵
118 1035 290 1076 daturos
323 1036 466 1089 fuisse,
500 1035 536 1076 si
568 1036 706 1090 ipsum
741 1035 785 1076 in
818 1035 927 1076 solio
960 1035 1161 1090 regiaque
1194 1034 1347 1074 Xerxis
1381 1048 1477 1074 con-

119 1095 278 1148 spicere
313 1095 447 1137 coacti
481 1098 630 1137 essent.
694 1095 870 1136 Postero
904 1094 970 1135 die
1003 1094 1148 1148 Lycio,
1180 1093 1358 1146 itineriS,
1392 1108 1476 1148 quo
1506 1103 1547 1133 12

118 1153 333 1195 Persidem
368 1155 612 1208 intraverat,
646 1154 755 1209 duci,
788 1165 883 1195 XXX
916 1153 1077 1195 talenta
1110 1153 1220 1195 dono
1255 1153 1381 1194 dedit.

208 1213 321 1255 Hinc
352 1215 395 1255 in
428 1215 645 1270 regionem
678 1213 843 1255 Mediae
876 1213 1064 1255 transiit:
1103 1213 1176 1254 ubi
1210 1213 1478 1267 supplemen-

118 1276 209 1313 tum
253 1288 460 1315 novorum
508 1289 529 1315 e
576 1273 725 1315 Cilicia
770 1273 955 1314 militum
1002 1273 1198 1314 occurrit.
1280 1271 1476 1312 Peditum

65 1350 98 1374 20
118 1335 239 1372 erant
270 1345 298 1372 V
332 1333 468 1387 milia7
502 1333 666 1388 equites
700 1345 749 1374 M:
789 1333 982 1386 utrisque
1014 1332 1170 1373 Platon
1201 1330 1478 1372 Atheniensis

118 1396 321 1445 praeerat.
385 1392 464 1433 His
504 1393 639 1447 copiis
679 1395 828 1435 auctus
861 1391 1048 1433 Dareum
1081 1391 1282 1445 persequi
1316 1391 1477 1432 statuit.

47 1455 96 1489 24
207 1450 283 1492 Ille
315 1451 399 1492 iam
432 1452 652 1493 Ecbatana
684 1455 943 1505 pervenerat.
1008 1450 1146 1505 Caput
1178 1450 1344 1491 Mediae
1375 1449 1476 1491 urbs
1498 1451 1583 1486 VIII

118 1510 238 1551 haec:
266 1526 378 1552 nunc
404 1514 550 1553 tenent
576 1511 736 1564 Parthi,
764 1525 896 1565 eaque
923 1511 1084 1552 aestiva
1107 1511 1332 1566 agentibus
1359 1509 1477 1550 sedes

120 1573 192 1610 est.
258 1569 386 1612 Adire
419 1571 571 1612 deinde
603 1571 756 1611 Bactra
790 1571 1052 1623 decreverat,
1097 1570 1169 1611 sed
1201 1570 1380 1621 veritus,
1425 1583 1477 1609 ne

65 1646 97 1672 25
118 1629 334 1671 celeritate
354 1630 587 1671 Alexandri
622 1633 911 1684 occuparetur,
945 1629 1171 1671 consilium
1197 1629 1362 1682 iterque
1388 1643 1477 1668 mu—

119 1690 236 1730 tavit.
300 1689 460 1731 Aberat
504 1690 555 1731 ab
602 1704 650 1730 eo
683 1689 925 1731 Alexander
970 1689 1105 1730 stadia
1144 1700 1230 1741 MD,
1282 1688 1354 1729 sed
1393 1687 1477 1728 iam

118 1750 283 1790 nullum
336 1749 607 1790 intervallum
660 1749 860 1790 adversus
912 1748 1182 1790 velocitatem
1234 1748 1323 1788 eius
1375 1748 1477 1788 satis

119 1808 296 1862 longum
343 1808 581 1850 videbatur:
627 1809 771 1862 itaque
816 1808 978 1862 proelio
1017 1809 1153 1863 magis
1193 1821 1319 1861 quam
1351 1807 1479 1861 fugae

1506 1698 1524 1728 μ’)

218 1978 237 2005 5
254 1974 444 2007 vastavere
459 1974 714 2008 Eberhardus:
731 1972 892 2006 habuere
904 1976 932 2005 A
945 1972 1096 2018 [abuere
1108 1972 1160 2017 L]
1234 1972 1356 2017 reges]
1374 1972 1479 2006 verba

122 2032 212 2064 quac
238 2025 408 2055 secuntur
436 2032 543 2065 uisque
565 2021 613 2055 ad
640 2024 671 2062 5,
693 2024 724 2062 8,
749 2024 765 2053 1
795 2021 1001 2054 decreuerat
1029 2031 1094 2054 om.
1116 2023 1145 2052 V
1165 2019 1267 2054 nullo
1292 2020 1412 2063 spatio
1438 2020 1479 2052 in

122 2078 223 2102 versu
253 2079 363 2102 vacuo
388 2068 520 2103 relicto.
597 2072 614 2101 ἵ
643 2068 779 2113 amnis]
807 2068 912 2102 annis
939 2071 975 2100 P.
1052 2070 1070 2100 9
1098 2066 1263 2112 accolae]
1291 2066 1418 2100 acolae
1441 2069 1476 2099 P.

124 2118 166 2148 10
188 2114 472 2149 comissabundo
487 2116 696 2160 Zumptius:
719 2115 992 2149 comesabundo
1008 2118 1063 2147 ΟΡ
1083 2125 1185 2156 corin,
1211 2113 1477 2148 comisabundo

122 2165 147 2194 P
166 2173 211 2196 m.
227 2175 284 2206 pr.
412 2166 454 2196 13
480 2164 633 2208 gravato
661 2164 819 2207 Ieepius:
847 2164 1044 2207 granatam
1070 2165 1108 2194 A.
1239 2166 1279 2195 14
1309 2160 1476 2206 Graecis]

123 2210 261 2254 graetis
288 2213 323 2243 1..
426 2213 468 2244 15
494 2209 625 2244 Xerxis
651 2214 684 2243 1:
711 2209 826 2244 xersis
855 2214 887 2247 C,
916 2209 1051 2243 exersis
1077 2213 1112 2243 P.
1219 2213 1260 2242 ’21
1289 2208 1477 2253 praeerat]

123 2259 319 2300 praeerant
344 2261 369 2290 P
391 2270 433 2291 m.
450 2269 508 2301 pr.
592 2261 634 2291 ‘22
662 2257 871 2302 Ecbatana]
900 2260 934 2291 et
962 2257 1102 2291 batana
1126 2260 1164 2291 F.
1242 2256 1477 2300 pervenerat]

123 2307 369 2348 peruenerant
402 2308 427 2337 P
455 2317 497 2338 m.
520 2317 578 2348 pr.
702 2308 745 2338 ‘23
779 2304 923 2350 Parthi]
960 2304 1058 2348 parti
1091 2308 1126 2338 L.
1250 2307 1293 2337 24
1328 2303 1477 2350 Bactra]

123 2350 279 2385 bacthra
305 2355 339 2385 P.
440 2355 480 2384 27
510 2352 701 2397 adversus]
730 2351 895 2386 aduersis
922 2355 960 2385 V.
