1610 2522
307 126 641 161 HISTORIARUM
667 125 948 160 ALEXANDRI
975 125 1018 170 X,
1046 129 1076 159 9.
1102 128 1152 160 10.
1323 124 1404 166 387

58 235 309 291 Cassander,
349 236 578 278 Menander
609 237 655 277 in
686 235 862 290 Lydiam
897 234 1034 276 missi:
1067 234 1299 290 Phrygiam
1331 233 1408 274 Mi-

57 311 202 338 norem
224 296 504 350 Hellesponto
532 295 774 336 adiunctam
794 294 999 335 Leonnati
1028 293 1291 348 provinciam
1320 308 1409 334 esse

57 357 281 397 iusserunt.
346 354 611 410 Cappadocia
641 354 824 396 Eumeni
862 369 956 396 cum
994 353 1288 409 Paphlagonia
1326 367 1409 394 ces-
1437 363 1456 393 3

59 415 129 456 sit:
174 417 446 470 praeceptum
486 417 567 467 est,
608 417 656 455 ut
688 414 904 469 regionem
937 428 1027 454 eam
1060 427 1194 467 usque
1227 412 1279 453 ad
1311 411 1408 453 Tra—

23 492 37 517 5
58 477 239 529 pezunta
271 474 521 525 defenderet,
554 474 711 515 bellum
744 488 839 514 cum
868 472 1098 514 Ariarathe
1131 474 1312 527 gereret:
1346 486 1409 512 so-

57 534 123 575 lus
161 533 229 575 hic
269 533 528 574 detrectabat
567 532 802 586 imperium.
866 532 1022 574 Pithon
1055 532 1257 586 Mediam,
1290 531 1408 584 Lysi·
1436 542 1456 571 4

58 593 231 634 machus
252 593 472 634 Thraciam
499 592 796 647 adpositasque
816 592 1019 633 Thraciae
1039 591 1239 633 Ponticas
1263 593 1409 645 gentes

58 653 249 694 obtinere
280 653 396 694 iussi.
447 651 528 701 Qui
554 650 698 692 Indiae
732 652 889 706 quique
915 652 1081 692 Bactris
1115 654 1155 691 et
1183 649 1410 705 Sogdianis

58 713 292 766 ceterisque
334 715 406 753 aut
444 710 597 752 Oceani
640 714 713 752 aut
750 711 885 752 Rubri
930 712 1058 752 maris
1100 710 1254 752 accolis
1294 724 1410 764 prae-

6 789 38 814 ιο
58 774 198 825 erant,
230 771 384 825 quibus
417 771 596 825 quisque
629 771 785 812 finibus
818 770 1052 823 habuisset,
1085 770 1310 824 imperium
1340 768 1411 810 ob-

58 831 253 884 tinerent,
285 831 497 872 decretum
531 832 612 871 est:
645 830 846 871 Perdicca
877 832 924 870 ut
958 844 1051 870 cum
1085 844 1183 884 rege
1210 831 1320 870 esset
1345 843 1411 870 co-

56 891 223 945 piisque
256 892 478 944 praeesset,
517 904 623 943 quae
655 904 796 945 regem
830 890 1124 943 sequebantur.
1188 887 1410 929 Credidere
1437 899 1456 928 5

58 949 228 1003 quidam
267 952 519 990 testamento
555 948 783 990 Alexandri
823 949 1072 990 distributas
1111 963 1201 989 esse
1240 949 1410 1002 provin-

59 1010 161 1062 cias,
207 1008 278 1049 sed
321 1009 475 1049 famam
521 1009 610 1050 eius
655 1009 732 1061 rei,
777 1023 1032 1062 quamquam
1072 1007 1124 1048 ab
1163 1007 1409 1048 auctoribus

5 1086 35 1111 15
57 1068 212 1109 tradita
244 1070 319 1121 est,
350 1083 500 1109 vanam
533 1068 663 1109 fuisse
697 1068 976 1122 conperimus.
1033 1067 1090 1108 Et
1116 1068 1285 1121 quidem
1313 1082 1409 1108 suas
1438 1078 1457 1108 6

59 1128 237 1182 quisque
258 1142 358 1182 opes
386 1127 532 1168 divisis
552 1128 720 1181 imperii
740 1127 945 1182 partibuS,
975 1130 1023 1168 ut
1042 1126 1296 1168 videbantur
1316 1126 1410 1179 sibi,

58 1187 348 1239 fundaverant,
381 1187 415 1228 si
441 1202 643 1241 umquam
670 1187 868 1228 adversus
894 1187 1128 1228 inmodicas
1156 1187 1410 1241 cupiditates

58 1247 262 1288 terminus
297 1249 437 1288 staret.
488 1246 654 1301 Quippe
688 1246 814 1301 paulo
848 1250 945 1288 ante
974 1247 1082 1301 regis
1110 1246 1293 1287 ministri
1321 1260 1410 1300 spe-
1437 1256 1453 1287 τ

58 1307 119 1347 cie
146 1306 312 1359 imperii
339 1306 464 1347 alieni
491 1306 745 1359 procurandi
773 1306 930 1361 singuli
958 1306 1147 1361 ingentia
1168 1305 1410 1346 invaserant

5 1383 38 1407 ρο
59 1380 188 1419 regna
220 1365 397 1406 sublatis
431 1366 707 1406 certaminum
741 1365 889 1419 causis,
927 1379 1022 1406 cum
1056 1368 1096 1406 et
1128 1380 1272 1406 omnes
1305 1365 1410 1405 eius-

59 1425 151 1465 dem
185 1425 323 1479 gentis
355 1427 496 1465 essent
534 1428 575 1466 et
606 1439 629 1465 a
662 1425 810 1466 ceteris
843 1425 908 1466 sui
941 1425 1122 1479 quisque
1153 1425 1319 1479 imperii
1350 1439 1410 1465 re-

59 1484 184 1538 gione
230 1484 410 1524 discreti.
474 1482 555 1524 Sed
600 1484 773 1526 difficile
818 1486 908 1524 erat
951 1499 999 1525 eo
1045 1487 1268 1526 contentos
1308 1498 1411 1538 esse,
1437 1495 1457 1525 8

59 1543 171 1597 quod
205 1543 416 1584 obtulerat
449 1543 630 1585 occasio:
665 1544 820 1598 quippe
849 1543 1020 1585 sordent
1046 1544 1182 1597 prima
1208 1557 1411 1597 quaeque,

59 1616 153 1643 cum
186 1602 347 1643 maiora
379 1605 611 1657 sperantur.
674 1602 824 1657 Itaque
857 1602 1052 1643 omnibus
1087 1603 1324 1657 expeditius
1354 1602 1409 1643 vi-

6 1678 38 1703 25
60 1662 236 1702 debatur
267 1676 420 1717 augere
453 1676 595 1717 regna,
628 1677 754 1716 quam
786 1663 938 1703 fuisset
970 1663 1170 1716 accipere.

159 1819 173 1847 1
202 1814 420 1860 Menander]
446 1814 650 1849 manander
677 1819 696 1848 S
726 1827 769 1848 m.
786 1826 858 1859 pr„
884 1814 1080 1849 minander
1106 1819 1126 1848 S
1153 1826 1241 1849 corr.
1342 1814 1408 1858 Ly-

61 1861 177 1907 diam]
198 1861 327 1895 lidiam
349 1865 380 1895 0.
463 1861 680 1907 Phrygiam]
701 1862 889 1907 phrigiam
910 1865 1043 1897 BFLS.
1125 1866 1143 1896 2
1165 1862 1410 1907 provinciam]

60 1909 289 1953 prouintiam
314 1912 378 1943 LS.
473 1913 491 1942 3
519 1909 772 1955 Cappadocia]
800 1910 1027 1954 cappadotia
1052 1913 1131 1951 LV
1159 1909 1359 1954 capadotia
1380 1914 1410 1943 S

61 1961 81 1990 4
108 1968 190 1991 eam
221 1957 353 2002 usque]
387 1967 540 2001 eamque
573 1960 609 1991 B.
637 1970 680 1991 m.
703 1970 760 2001 pr.
907 1957 1144 2001 Trapezunta
1169 1959 1304 1992 Aldus:
1338 1960 1411 1990 tra-

61 2003 215 2048 peiunta
242 2007 270 2037 A
298 2004 550 2049 [trapeiuncta
574 2008 637 2037 VB
663 2017 708 2039 m.
734 2005 826 2050 sec]
975 2009 994 2038 5
1021 2005 1241 2040 Ariarathe
1268 2006 1413 2050 gereret

61 2052 270 2095 Zumptius:
298 2051 426 2085 arbate
452 2053 597 2097 gereret
622 2055 658 2095 B,
685 2052 840 2086 harbate
867 2054 1011 2097 gereret
1030 2056 1142 2095 FLV,
1170 2052 1284 2086 araba
1310 2055 1410 2095 tege-

62 2101 117 2132 ret
144 2103 174 2132 S.
309 2103 328 2133 6
357 2099 589 2133 detrectabat
616 2103 641 2132 B
662 2112 705 2134 m.
726 2111 807 2134 sec:
842 2100 1076 2134 detractabat
1102 2103 1141 2134 A.
1275 2100 1412 2133 Pithon

62 2146 282 2181 Frobem'us:
310 2146 440 2190 phiton
468 2149 507 2180 A.
599 2146 841 2190 Lysimachus
868 2148 1090 2182 Frobcn‘ius:
1117 2147 1357 2181 leonmachus
1379 2151 1412 2188 C,

61 2192 272 2227 leomachus
300 2198 330 2227 S.
443 2198 460 2227 7
489 2194 700 2240 Thraciam]
727 2195 884 2229 traciam
910 2199 965 2228 LS
985 2207 1030 2229 m.
1046 2206 1105 2239 pr.
1217 2195 1412 2239 Thraciae]

61 2239 200 2274 traciae
226 2244 297 2274 LV.
403 2245 421 2275 9
448 2242 576 2287 maris]
604 2242 723 2286 magis
750 2246 784 2276 L.
895 2246 936 2275 10
964 2242 1176 2287 imperium]
1205 2242 1352 2286 imperii
1380 2246 1410 2275 C.

63 2291 105 2320 13
132 2287 358 2334 provincias]
384 2289 590 2332 prouintias
611 2293 708 2323 FLS.
786 2293 828 2323 16
855 2291 897 2323 ut
922 2289 1145 2323 videbantur
1171 2289 1241 2323 sibi
1267 2290 1411 2333 scripsi:

62 2334 262 2368 tuebantur
276 2334 348 2379 ipsi
361 2339 400 2369 A.
478 2340 518 2370 17
541 2336 782 2381 cupiditates]
806 2337 1106 2380 cupiditatesque
1120 2341 1156 2370 F.
1235 2340 1276 2370 18
1297 2337 1412 2381 regis]

62 2382 174 2426 reigis
190 2386 214 2414 L
229 2393 341 2426 'nuptu
418 2383 555 2429 specie]
572 2384 732 2427 speciem
748 2388 778 2417 S.
855 2388 898 2417 25
919 2384 1065 2429 fuisset]
1088 2384 1245 2417 fuissent
1258 2388 1283 2416 L
1297 2395 1341 2417 m.
1354 2395 1410 2429 pr.

1127 2442 1198 2476 25*
