1610 2522
488 575 548 639 Q.
585 573 837 627 CURTI
870 573 1068 626 RUFI

595 707 628 744 H
637 705 961 744 ISTORIARUM

220 836 900 901 ALEXANDRI
960 835 1328 899 MAGNI

610 975 949 1019 MACEDONIS

660 1118 801 1152 LIBER*
826 1118 903 1154 ΠΙΙ.

72 1243 88 1278 l
202 1242 376 1294 Dareus,
409 1240 517 1282 tanti
544 1240 670 1282 modo
698 1240 907 1281 exercitus
942 1255 1026 1293 rex,
1059 1240 1130 1294 qui
1159 1239 1497 1293 triumphantisl

113 1302 247 1357 magis
291 1316 417 1355 quam
458 1300 700 1341 dimicantis
744 1314 860 1340 more
907 1314 1029 1340 curru
1073 1299 1268 1340 sublimis
1310 1298 1463 1340 inierat

116 1360 340 1416 proelium,
381 1375 453 1414 per
493 1361 601 1412 loca,
654 1374 759 1414 quae
801 1375 932 1414 prope
978 1359 1178 1399 inmensis
1224 1358 1463 1414 agminibus

117 1421 361 1476 inpleverat,
387 1420 471 1461 iam
500 1419 642 1464 inania
670 1423 710 1460 et
737 1419 901 1476 ingenti
929 1419 1158 1459 solitudine
1185 1423 1305 1459 vasta
1331 1418 1463 1473 fugie-

80 1498 94 1523 5
116 1482 198 1523 bat.
262 1479 390 1520 Pauci
418 1493 561 1533 regem
588 1478 890 1537 sequebantur:
918 1493 1015 1518 nam
1043 1493 1120 1519 nec
1146 1477 1289 1519 eodem
1321 1492 1464 1518 omnes
1493 1486 1511 1515 2

116 1542 261 1596 fugam
292 1539 560 1580 intenderant
587 1545 628 1582 et
649 1538 942 1582 deficientibus
970 1538 1089 1591 equis
1112 1552 1281 1578 cursum
1308 1552 1466 1588 eorum,

119 1614 225 1653 quos
275 1613 347 1639 rex
398 1597 576 1639 subinde
629 1599 834 1650 mutabat,
886 1612 1064 1651 aequare
1121 1612 1206 1638 non
1258 1599 1466 1650 poterant.

120 1659 287 1700 Onchas
321 1658 468 1698 deinde
500 1661 705 1713 pervenit,
738 1658 811 1699 ubi
844 1672 1043 1711 excepere
1080 1672 1175 1697 eum
1210 1655 1468 1697 Graecorum
1496 1664 1514 1694 3

122 1720 324 1772 quattuor
356 1716 490 1758 milia:
523 1732 609 1761 non
636 1718 805 1775 segnius
836 1719 977 1757 tamen
1010 1717 1063 1757 ad
1089 1716 1340 1770 Euphraten
1373 1730 1469 1756 con-

70 1796 102 1820 10
122 1777 275 1831 tendit,
314 1777 355 1817 id
389 1776 556 1817 demum
591 1779 763 1821 eredens
795 1778 885 1818 fore
918 1776 1071 1830 ipsius,
1111 1775 1224 1829 quod
1257 1775 1470 1816 celeritate

124 1811 361 1891 praecipere
394 1836 613 1890 potuisset.

213 1896 271 1937 At
308 1895 547 1938 Alexander
584 1897 924 1943 Parmenionem,
963 1911 1037 1949 per
1080 1910 1203 1949 quem
1246 1894 1357 1960 apud
1393 1893 1469 1934 Da
1499 1902 1517 1932 4

127 1970 312 1996 mascum
352 1957 521 2009 recepta
564 1960 653 1999 erat
699 1956 863 2011 praeda,
907 1956 1067 1996 iussum
1115 1969 1205 1995 eam
1252 1954 1386 2007 ipsam
1433 1956 1474 1994 et

126 2015 316 2070 captivos
361 2014 555 2070 diligenti
602 2017 819 2058 adservare
871 2014 1080 2067 custodia,
1132 2013 1295 2068 Syriae,
1346 2028 1473 2067 quam

76 2093 107 2117 15
130 2074 284 2116 Coelen
316 2077 480 2128 vocant,
515 2076 726 2129 praefecit
788 2075 960 2116 Novum
989 2074 1214 2128 impeiium
1244 2072 1338 2126 Syri
1373 2087 1473 2113 11011
1502 2081 1520 2110 5

225 2207 241 2236 1
270 2203 550 2249 triumphantis]
584 2204 812 2238 triumfantis
839 2207 908 2237 BL.
1033 2206 1051 2236 6
1078 2201 1329 2247 intenderant]
1357 2201 1476 2235 inten-

130 2251 235 2285 derat
259 2255 299 2285 V.
374 2254 410 2285 et
435 2263 500 2285 om.
523 2256 547 2284 L
576 2263 616 2285 m.
639 2263 696 2296 pr,
719 2255 790 2285 PV.
866 2255 886 2285 8
914 2250 1047 2284 deinde
1074 2253 1114 2283 P:
1143 2250 1229 2284 dein
1250 2254 1281 2282 c.
1358 2252 1377 2281 9
1405 2260 1476 2281 non

131 2298 278 2344 segnius
299 2300 422 2332 tamen
446 2300 603 2344 Ieepz'us:
625 2299 699 2332 iam
719 2299 842 2343 regius
863 2299 943 2332 tum
963 2301 1001 2332 A.
1086 2301 1128 2330 14
1151 2297 1294 2342 Syriae]
1314 2296 1423 2330 siriae
1445 2299 1476 2328 C.

134 2351 176 2380 15
204 2345 352 2392 Coelen]
381 2346 485 2380 colen
511 2350 536 2379 B
565 2359 606 2381 m.
625 2359 694 2390 pr„
721 2346 848 2381 caelen
873 2350 899 2379 P
927 2358 969 2380 m.
990 2357 1057 2390 pr„
1085 2344 1211 2379 coelon
1238 2348 1277 2378 V.
