1610 2522
50 760 82 786 10

50 1057 81 1083 15

51 1354 84 1379 20

51 1650 84 1675 25

316 95 651 130 HISTORIARUM
677 93 960 128 ALEXANDRI
986 94 1081 141 VIII,
1112 98 1164 128 13.
1188 99 1241 128 14.
1369 94 1450 134 301

101 220 180 246 cua
223 207 313 246 erat
354 204 405 246 ab
450 204 648 245 hostibus
693 204 804 257 ripa,
858 218 964 257 quae
1010 202 1252 257 petebatur:
1298 202 1456 257 quippe

101 265 239 306 adhuc
282 263 418 305 Porus
463 262 757 304 Ptolomaeum
805 265 972 304 tantum
1018 262 1273 303 intuebatur.
1360 260 1457 302 Una

103 338 203 379 ergo
236 324 353 376 navi,
386 338 513 377 quam
545 325 689 377 petrae
721 322 876 363 fluctus
909 322 1120 376 inliserat,
1162 321 1361 362 haerente
1394 335 1457 362 ce-

102 387 216 424 terae
246 382 440 437 evadunt,
473 397 674 436 armaque
701 396 848 436 capere
877 381 1034 423 milites
1062 383 1103 422 et
1130 381 1190 422 ire
1216 382 1261 422 in
1287 381 1457 421 ordines

103 442 238 484 iussit.

191 501 365 556 Iamque
392 516 545 557 agmen
572 501 614 541 in
640 515 798 542 cornua
824 501 1008 541 divisum
1030 501 1119 554 ipse
1141 500 1332 553 ducebat,
1359 514 1455 540 cum
1477 503 1560 537 XIV

104 562 214 602 Poro
248 562 471 602 nuntiatur
502 560 632 602 armis
660 560 846 614 virisque
872 560 1007 614 ripam
1037 559 1220 600 obtineri
1248 563 1289 600 et
1314 574 1456 600 rerum

103 621 246 662 adesse
280 621 516 661 discrimen.
567 619 631 661 Ac
663 620 800 674 primo
833 619 1009 660 humani
1042 619 1203 675 ingenii
1235 619 1340 660 vitio
1368 619 1459 672 spei

104 695 202 721 suae
244 680 470 735 indulgens
503 678 714 720 Abisaren
755 679 857 721 belli
900 680 1063 720 socium
1097 704 1152 707 —
1186 681 1226 719 et
1267 679 1327 719 ita
1366 692 1459 718 con-

103 742 274 781 venerat
320 765 374 768 ——
420 739 645 780 adventare
690 739 898 780 credebat.
971 738 1071 780 Mox
1103 737 1333 792 liquidiore
1365 738 1458 778 luce
1487 752 1504 779 2

103 799 318 853 aperiente
350 799 483 840 aciem
512 798 701 839 hostium
728 809 752 838 C
782 799 1009 853 quadrigas
1036 801 1078 838 et
1104 809 1171 838 1111
1197 797 1317 838 milia
1343 797 1457 851 equi-

101 862 193 900 tum
226 858 414 900 venienti
440 858 601 913 agmini
628 858 794 898 obiecit.
848 857 946 898 Dux
973 860 1062 899 erat
1088 857 1321 923 copiarum,
1354 871 1458 910 quas

101 918 332 972 praemisit,
354 916 558 971 SpitaceS,
589 917 757 958 frater
748 917 894 971 ipsius,
926 931 1090 958 summa
1116 916 1271 958 virium
1297 917 1341 957 in
1369 930 1458 958 cui-

101 977 236 1018 ribus:
282 991 404 1018 senos
447 977 562 1018 viros
608 976 765 1031 singuli
811 977 1038 1029 vehebant,
1089 976 1196 1017 duos
1242 976 1459 1029 clipeatos,
1486 988 1505 1017 3

102 1036 209 1078 duos
249 1036 493 1092 sagittarios
533 1036 584 1077 ab
617 1039 798 1090 utroque
830 1037 960 1077 latere
993 1009 1241 1090 dispositos,
1286 1036 1458 1090 aurigae

103 1099 222 1137 erant
248 1096 375 1137 ceteri
402 1095 513 1136 haud
541 1110 640 1136 sane
665 1097 866 1137 inermes:
895 1096 1054 1150 quippe
1080 1095 1218 1136 iacula
1242 1095 1459 1149 conplura,

103 1155 176 1197 ubi
221 1156 459 1197 comminus
504 1155 799 1209 proeliandum
844 1158 951 1208 erat,
996 1155 1164 1196 omissis
1202 1154 1380 1195 habenis
1416 1155 1459 1195 in

102 1215 268 1256 hostem
320 1215 580 1269 ingerebant.
663 1213 858 1256 Ceterum
912 1215 982 1255 vix
1027 1217 1141 1256 ullus
1186 1229 1287 1255 usus
1332 1213 1459 1254 huius
1487 1227 1507 1256 4

102 1274 252 1316 auxilii
283 1289 332 1315 eo
365 1273 432 1315 die
464 1274 556 1314 fuit.
616 1274 825 1328 Namque,
857 1277 904 1315 ut
937 1289 1064 1328 supra
1096 1273 1255 1315 dictum
1284 1276 1358 1326 est,
1385 1274 1460 1313 im-

103 1334 179 1374 ber
222 1334 451 1374 violentius
497 1348 624 1387 quam
669 1334 772 1374 alias
817 1333 937 1374 fusus
982 1347 1156 1387 campos
1198 1333 1385 1374 lubricos
1419 1334 1460 1373 et

106 1393 406 1447 inequitabiles
438 1393 608 1446 fecerat,
641 1407 876 1448 gravesque
910 1395 951 1433 et
983 1392 1295 1447 propemodum
1328 1393 1460 1433 inmo-

103 1452 210 1494 biles
244 1466 391 1494 currus
424 1451 583 1492 inluvie
616 1467 665 1493 ac
697 1453 973 1507 voraginibus
1006 1453 1248 1493 haerebant.
1302 1450 1460 1492 Contra
1487 1465 1506 1494 5

104 1511 345 1552 Alexander
386 1511 581 1565 expedito
624 1526 670 1552 ac
711 1512 795 1552 levi
840 1512 1009 1566 agmine
1051 1514 1222 1552 strenue
1267 1512 1459 1552 invectus

105 1574 179 1612 est.
243 1569 425 1625 Scythae
458 1573 499 1612 et
532 1570 679 1612 Dahae
710 1571 837 1625 primi
871 1571 1062 1612 omnium
1094 1571 1285 1611 invasere
1311 1569 1459 1611 Indos:

105 1629 349 1671 Perdiccam
400 1630 550 1670 deinde
595 1644 689 1671 cum
737 1631 954 1684 equitibus
1000 1631 1041 1670 in
1089 1630 1283 1671 dextrum
1329 1644 1460 1671 cornu

104 1688 294 1731 hostium
329 1690 478 1731 emisit.
540 1688 630 1731 Iam
662 1689 850 1743 undique
882 1704 1025 1745 pugna
1058 1705 1101 1731 se
1128 1692 1331 1742 moverat,
1364 1703 1460 1730 cum
1489 1702 1507 1731 5

105 1749 147 1801 ii,
180 1749 253 1802 qui
286 1763 435 1789 currus
467 1749 661 1803 agebant,
694 1749 800 1791 illud
826 1750 1025 1790 ultimum
1052 1749 1259 1790 auxilium
1287 1763 1457 1790 suorum

202 1882 220 1910 2
248 1877 378 1923 Porus]
406 1888 472 1911 om.
495 1881 520 1910 L
543 1890 584 1913 m.
600 1889 659 1922 pr.
770 1877 1027 1912 Ptolomaeum
1053 1878 1200 1922 scripsi:
1230 1877 1462 1911 ptolomeum

107 1928 187 1967 FV,
207 1925 464 1969 ptholomeum
484 1927 586 1959 BLP.
658 1929 676 1958 3
698 1925 894 1971 haerente]
916 1927 1041 1959 erente
1063 1929 1088 1957 L
1157 1929 1178 1959 4
1205 1925 1352 1958 ordines
1375 1925 1461 1958 Aci-

107 1973 244 2006 dalius:
273 1972 442 2006 ordinem
467 1975 506 2005 A.
583 1976 600 2005 7
629 1972 738 2018 Poro]
765 1984 882 2017 poron
908 1976 935 2006 F
955 1984 998 2006 m.
1014 1984 1068 2016 pr.
1138 1972 1348 2017 nuntiatur]
1370 1984 1460 2005 nun-

108 2020 227 2054 ciatur
253 2023 288 2053 P.
401 2023 420 2053 8
448 2020 593 2066 adesse]
621 2030 700 2054 esse
726 2024 752 2052 F
772 2032 816 2054 sm.
837 2032 892 2064 pr.
967 2020 1075 2065 vitio]
1102 2020 1200 2054 uicio
1227 2024 1252 2053 L
1273 2032 1316 2053 m.
1339 2031 1398 2064 pr.
1419 2023 1458 2052 V,

108 2071 127 2100 9
156 2067 351 2112 Abisaren]
373 2067 573 2101 Abissaren
595 2071 627 2101 G.
703 2068 860 2113 socium]
882 2067 1020 2102 sotium
1041 2072 1077 2101 F.
1178 2071 1220 2101 10
1243 2067 1460 2112 adventare]

108 2114 275 2148 aduen**
296 2118 332 2149 P.
383 2115 485 2160 Mox]
505 2126 577 2148 uox
597 2119 622 2148 P
642 2127 686 2149 m.
707 2127 761 2159 pr.
839 2120 879 2149 11
903 2115 1021 2149 aciem
1037 2116 1241 2149 Bentleius:
1263 2116 1407 2148 hostem
1424 2117 1460 2147 Α,

111 2164 152 2195 13
180 2161 348 2205 Spitaces
376 2163 628 2206 Anspachias:
655 2163 771 2207 hages
798 2165 837 2197 A.
914 2166 958 2196 14
985 2162 1182 2208 clipeatos]
1210 2162 1402 2206 clypeatos
1426 2166 1461 2194 P.

110 2212 152 2242 15
179 2210 353 2255 utroque]
380 2212 539 2253 utraque
565 2214 601 2244 P.
686 2210 904 2255 dispositos]
932 2210 1134 2253 dispositus
1161 2214 1198 2243 F.
1276 2213 1317 2243 16
1346 2209 1462 2254 haud]

108 2256 182 2288 had
208 2260 233 2289 P
253 2268 297 2290 m.
315 2269 391 2300 ptr,
425 2257 526 2291 haud
554 2268 620 2291 sau
646 2260 672 2290 Β
699 2269 743 2291 m.
765 2269 824 2302 pr.
972 2257 1148 2302 inermes]
1176 2257 1362 2291 inhermes
1388 2260 1461 2289 Pv.

110 2306 153 2336 -24
174 2302 351 2349 Scythae]
373 2305 525 2348 schytae
546 2308 623 2347 BL,
651 2305 791 2338 schitae
812 2309 848 2338 F.
918 2305 1064 2350 Dahae]
1086 2305 1179 2338 daae
1200 2308 1238 2337 B.
1314 2309 1357 2338 ’25
1379 2304 1461 2337 Per-

110 2350 269 2396 diccam]
295 2352 487 2394 perdicam
512 2356 548 2385 P.
648 2356 691 2385 27
718 2351 746 2385 ii
772 2356 804 2386 I:
833 2353 872 2385 hi
898 2356 936 2386 A.
