1610 2522
47 1478 90 1507 30

50 1658 88 1687 31

48 1838 89 1866 32

119 102 173 141 as
622 105 662 144 ¹2-
692 101 833 136 011111
864 101 971 135 nuri

118 215 187 253 tur
237 215 453 253 niatronae
505 211 777 267 virginesque
834 212 973 266 patrio
1031 226 1146 251 more
1206 211 1468 253 inconditum

119 271 330 326 quoddam
366 286 532 312 0111111011
568 274 784 318 canentes,
825 286 909 325 quo
951 271 1171 325 propitiari
1208 270 1348 312 Iovem
1385 286 1467 311 ‹ere-

58 346 65 360 ›
119 333 236 385 dunt,
264 335 309 372 ut
332 334 492 372 certum
520 331 616 372 edat
637 332 868 371 oraculum.
932 330 995 371 Ac
1022 333 1111 371 tum
1135 331 1302 384 quidem
1327 345 1467 385 regem
1490 336 1540 371 32

117 392 296 445 propius
323 390 547 431 adeuntem
579 391 790 432 maximus
823 393 926 431 natu
960 406 980 431 e
1007 390 1299 431 sacerdotibus
1331 390 1467 431 filium

117 450 317 505 appellat,
355 450 434 490 1100
474 465 629 491 nomen
672 449 733 491 illi
767 452 984 504 parentem
1020 449 1162 490 Iovem
1197 449 1368 491 reddere
1401 449 1469 491 ad·
1508 469 1525 494 5

117 513 301 551 firmans.
357 509 433 550 Ille
461 524 503 550 se
531 525 629 551 vero
659 513 699 551 et
726 510 915 564 accipere
948 511 1008 550 ait
1039 513 1081 550 et
1107 509 1363 565 adgnoscere
1397 509 1471 550 liu-

118 584 267 612 manae
300 569 429 611 sortis
463 569 635 611 oblitus
699 569 926 610 (lonsulnit
959 569 1121 622 deinde,
1153 584 1202 610 an
1239 570 1372 610 totius
1406 584 1470 609 or-

120 630 185 671 bis
219 629 443 683 imperium
485 629 584 670 fatis
624 629 705 669 sibi
739 629 1033 670 destinaretur.
1097 628 1224 669 l'ater
1256 643 1388 682 aeque
1428 630 1468 670 in

117 689 402 731 adulationem
427 690 676 743 conpositus
704 692 911 730 terrarum
935 688 1122 729 omnium
1146 691 1351 729 rectorem
1381 689 1471 729 fore

119 749 318 790 ostendit.
382 748 487 789 Post
513 749 617 790 haec
644 749 802 790 institit
829 762 1044 802 quaerere,
1071 763 1123 788 an
1151 762 1296 789 omnes
1323 762 1471 803 paren·
1493 767 1526 792 10

117 810 170 850 tis
205 808 266 849 sui
297 808 592 849 interfectores
618 822 776 862 poenas
805 808 1028 849 dedissent.
1094 806 1298 848 Sacerdos
1325 822 1471 862 paren-

116 873 201 910 tem
243 869 332 910 eius
371 871 500 923 negat
538 868 669 909 ullius
708 868 864 909 scelere
902 882 1029 922 posse
1069 867 1237 920 violari,
1283 866 1470 922 Philippi

117 932 258 970 autem
300 942 447 969 omnes
486 928 616 968 luisse
651 927 877 982 supplicia:
921 926 1091 980 adiecit,
1131 927 1335 968 invictum
1368 927 1474 980 fore,

117 988 250 1030 donec
277 987 499 1029 excederet
530 987 581 1028 ad
611 987 721 1029 deos.
786 986 1006 1029 Sacrificio
1035 986 1184 1027 deinde
1216 987 1330 1028 facto
1363 986 1473 1028 dona

117 1051 159 1089 et
185 1047 476 1089 sacerdotibus
503 1051 544 1087 et
572 1047 649 1088 deo
677 1046 774 1088 data
801 1049 912 1101 sunt,
944 1047 1284 1101 permissumque
1311 1047 1472 1099 amicis,
1494 1064 1526 1090 15

116 1111 163 1149 ut
208 1107 289 1162 ipsi
345 1121 514 1161 quoque
561 1106 829 1148 consulerent
881 1105 1035 1147 Iovem.
1116 1105 1238 1146 Nihil
1289 1106 1472 1159 amplius

118 1167 391 1222 quaesierunt
425 1181 564 1221 quam,
598 1181 651 1208 an
684 1169 832 1207 auctor
865 1169 974 1207 esset
1008 1166 1089 1207 sibi
1121 1165 1276 1206 divinis
1304 1165 1472 1207 honori-

116 1227 196 1268 bus
231 1226 397 1268 colendi
431 1241 552 1267 suum
586 1241 741 1282 regem
805 1225 900 1267 Hoc
928 1240 1097 1280 quoque
1130 1228 1349 1280 acceptum
1382 1225 1473 1267 fore

117 1286 209 1328 [ovi
224 1290 342 1328 vates
356 1262 784 1340 1·esp0ndent.⁰Vera
805 1289 847 1327 et
863 1286 1022 1327 salubri
1037 1286 1331 1326 aestimatione
1345 1285 1471 1326 fidem

117 1347 278 1388 oraculi
293 1361 400 1387 vana
415 1346 608 1400 profecto
625 1360 829 1400 responsa
848 1345 1016 1387 eludere
1033 1345 1287 1399 potuissent,
1306 1344 1377 1385 sed
1391 1345 1470 1385 for-
1494 1362 1528 1387 ‘20

117 1410 231 1461 tuna,
253 1420 358 1460 quos
380 1407 453 1446 uni
476 1405 555 1447 sibi
575 1405 743 1447 credere
765 1406 918 1461 coegit,
939 1419 1093 1459 magna
1114 1419 1163 1445 ex
1185 1408 1304 1459 parte
1326 1403 1472 1445 avidos

119 1466 281 1523 gloriae
315 1466 450 1521 magis
485 1480 611 1519 quam
639 1479 812 1519 capaces
847 1465 961 1506 facit.
1023 1463 1138 1505 Iovis
1172 1464 1304 1519 igitur
1335 1464 1470 1505 filium

118 1542 161 1567 se
205 1540 289 1567 non
332 1525 470 1566 solum
511 1524 715 1579 appellari
756 1539 905 1579 passus
948 1526 1028 1577 est,
1070 1524 1140 1564 sed
1184 1523 1310 1565 etiam
1351 1524 1476 1564 iussit

118 1600 344 1639 rerumque
377 1588 594 1641 gestarum
628 1584 803 1638 famam,
845 1584 944 1625 dum
979 1598 1133 1639 augere
1166 1583 1258 1624 vult
1297 1584 1371 1624 tali
1404 1598 1473 1637 ap-

120 1645 362 1700 pellatione,
409 1644 610 1699 corrupit.
675 1644 731 1685 Et
775 1643 1047 1697 Macedones,
1092 1643 1254 1684 adsueti
1303 1642 1472 1697 quidem
1495 1659 1528 1684 25

117 1706 234 1761 regio
278 1705 471 1759 imperio,
513 1703 585 1745 sed
628 1704 669 1744 in
714 1705 872 1745 maiore
904 1703 1117 1744 libertatis
1160 1702 1310 1743 umbra
1348 1717 1471 1756 quam

118 1765 245 1805 ceteri
268 1764 480 1819 degentes,
503 1763 853 1805 inmortalitatem
870 1763 1151 1804 adfectantem
1168 1761 1474 1814 contumacius,

119 1839 245 1878 quam
275 1827 348 1864 aut
372 1824 477 1877 ipsis
499 1823 749 1877 expediebat
777 1825 849 1864 aut
877 1823 979 1878 regi,
1006 1823 1186 1863 aversati
1218 1825 1327 1862 sunt.
1392 1819 1474 1861 Sed

117 1884 221 1925 haec
269 1898 345 1924 suo
389 1897 581 1937 quaeque
623 1884 805 1937 tempori
848 1885 1132 1924 reserventur:
1181 1895 1292 1922 nun(-
1335 1883 1473 1921 cetera

118 1943 268 2019 exequi
303 1957 489 1998 pelgam.

213 2041 233 2070 4
261 2036 429 2081 propius}
463 2035 652 2116 propicius
678 2039 717 2069 V.
842 2039 861 2068 ss
890 2035 1072 2079 accipere]
1108 2034 1274 2078 accipero
1302 2037 1327 2066 P
1352 2045 1396 2066 m.
1415 2043 1472 2077 pr.

117 2093 136 2115 ³¹·
166 2085 253 2119 fatis
274 2088 299 2117 P
322 2096 363 2117 m.
382 2095 456 2127 1212:
485 2084 620 2117 satisc
624 2111 629 2116 .
706 2083 957 2118 destinaretur
977 2082 1180 2117 1111111011ιὸ
1209 2081 1415 2115 destinaret
1434 2083 1473 2114 A.

118 2138 137 2165 §9
166 2131 437 2176 adulationem]
465 2131 511 2164 ad
539 2130 720 2164 ultionem
748 2134 773 2164 B
800 2143 843 2165 m.
871 2143 926 2174 pr.
1076 2134 1116 2163 12
1144 2128 1273 2173 ullius]
1307 2127 1408 2162 illius
1435 2131 1474 2161 V.

121 2184 160 2213 1?
190 2180 302 2224 esset]
330 2179 436 2213 essed
462 2182 496 2212 P.
595 2182 636 2212 18
664 2190 769 2212 suum
797 2179 937 2213 Laeter:
969 2178 1023 2211 sui
1045 2181 1084 2210 A.
1177 2177 1370 2219 acceptum
1398 2176 1475 2209 fore

122 2228 192 2260 lox-i
215 2229 317 2261 vates
343 2226 569 2270 respondent
590 2238 655 2260 om.
678 2230 716 2259 V.
820 2231 859 2259 19
887 2225 1127 2270 respondent}
1154 2223 1353 2268 respondet
1380 2226 1404 2256 P
1430 2235 1474 2257 m.

117 2288 180 2309 see.
203 2279 228 2308 L
252 2288 293 2309 m.
315 2286 378 2309 sec.
465 2278 508 2307 20
536 2273 684 2308 eludere
713 2275 870 2317 Impius:
899 2273 927 2306 si
950 2273 1067 2306 uideri
1091 2275 1128 2305 A.
1215 2275 1256 2305 ’.Π
1279 2271 1390 2304 ceteri
1413 2271 1475 2304 de-

119 2326 247 2366 gentes
271 2322 512 2356 formeiis-sen:
535 2323 788 2365 cett-regentes
810 2324 847 2354 A.
924 2320 1192 2365 adfectanti-111}
1215 2318 1473 2353 a‹lfe‹·tande1n

119 2374 143 2403 L
167 2384 208 2404 m.
226 2383 283 2414 pr.
384 2376 427 2403 28
456 2372 518 2402 aut
548 2369 640 2414 regi]
671 2369 768 2403 hand
799 2369 873 2413 regi
897 2372 930 2402 Ρ.
