1610 2522
187 105 227 146 Q.
256 104 398 138 CL‘RTI
424 103 536 138 RUFI
562 102 897 137 HISTORIARUM
924 103 1206 137 ALEXANDRI
1233 103 1276 144 V,
1307 108 1334 137 l.
1391 104 1470 143 1οἶ

120 213 319 268 praedam
362 214 548 268 opimam
591 215 865 267 paratamque
906 213 1048 267 ipsum
1096 216 1138 254 et
1178 213 1334 254 milites
1384 213 1472 253 eius

120 276 319 327 spectare.
391 272 439 313 Id
490 273 576 313 suis
627 272 753 313 rebus
803 271 879 313 tali
930 273 974 312 in
1024 275 1136 313 statu
1188 272 1314 313 saluti
1366 272 1507 313 foret.

121 334 279 387 quippe
335 347 378 373 se
430 332 593 373 deserta
650 345 745 373 cum
803 331 999 386 expedita·
1048 346 1176 372 manu
1227 333 1471 386 petiturum.

119 392 283 434 Ultima
315 392 435 447 regni
475 392 539 432 sui
572 391 710 432 adhuc
742 391 901 432 intacta
932 406 1040 432 esse:
1080 391 1177 432 inde
1216 391 1329 432 bello
1362 392 1471 432 vires

84 469 99 493 5
119 451 233 493 haud
266 465 390 506 aegre
422 454 727 505 reparaturum.
792 449 1030 504 Occuparet
1069 465 1168 491 sane
1201 465 1349 505 gazam
1389 451 1473 491 avi-

120 512 293 553 dissima
326 525 428 566 gens
468 514 508 551 et
543 525 592 551 ex
626 511 755 564 longa
786 510 898 550 fame
932 511 1104 551 satiaret
1138 525 1180 551 se
1214 525 1333 563 auro,
1373 525 1473 551 mox

117 571 262 612 futura
294 569 473 624 praedae
513 570 611 610 sibi:
653 583 732 610 usu
772 569 969 610 didicisse
1007 570 1237 624 pretiosam
1271 570 1474 624 supellec-

119 631 239 671 tilem
266 630 508 684 pelicesque
535 632 577 670 et
603 629 840 683 spadonum
868 630 1039 684 agmina
1065 629 1175 670 nihil
1201 629 1316 670 aliud
1342 630 1474 670 fuisse

119 704 246 743 quam
269 703 397 730 onera
423 692 464 729 et
485 688 786 743 inpedimenta.
849 688 1009 729 Eadem
1031 689 1269 730 trahentem
1291 688 1473 729 Alexan-

65 764 98 789 ιο
119 749 259 801 drum,
311 748 463 802 quibus
508 748 634 789 rebus
679 750 802 789 antea
846 748 1036 801 vicisset,
1081 748 1325 790 inferiorem
1370 749 1472 789 fore.

116 808 247 849 Plena
281 807 478 849 omnibus
513 807 818 862 desperationis
858 807 1080 848 videbatur
1119 808 1273 848 oratio:
1313 808 1472 862 quippe

117 867 357 921 Babylona,
407 867 557 908 urbem
603 866 992 921 opulentissimam,
1040 867 1136 908 dedi
1181 867 1471 909 cernentibus:

118 928 200 967 iam
235 925 360 979 Susa,
403 927 485 967 iam
519 929 657 967 cetera
690 929 939 967 ornament-a
970 928 1110 981 regni,
1150 942 1319 968 causam
1357 926 1472 979 belli,

116 987 322 1027 victorem
368 989 688 1040 occupaturum.
763 985 821 1026 At
872 986 944 1026 ille
995 986 1144 1027 docere
1195 987 1337 1041 pergit
1385 1001 1472 1027 non

64 1061 96 1086 15
118 1046 309 1100 speciosa
350 1045 477 1098 dictu,
519 1045 591 1086 sed
632 1060 712 1086 usu
754 1046 992 1086 necessaria
1032 1046 1076 1086 in
1115 1046 1242 1087 rebus
1285 1046 1471 1087 adversis

117 1105 333 1158 sequenda
365 1119 471 1146 esse:
514 1105 626 1145 ferro
660 1105 750 1160 geri
782 1105 912 1158 bella,
950 1119 1037 1146 non
1069 1120 1190 1158 auro,
1229 1106 1347 1159 viris,
1385 1120 1470 1146 non

117 1164 290 1205 urbium
315 1165 451 1205 tectis.
514 1163 668 1205 Omnia
696 1165 816 1218 sequi
843 1167 1043 1205 armatos:
1078 1164 1138 1205 sic
1164 1165 1344 1206 maiores
1373 1180 1471 1206 suos

116 1224 334 1278 perculsos
376 1224 419 1264 in
452 1224 664 1278 principio
698 1238 838 1264 rerum
872 1224 1063 1265 celeriter
1094 1225 1319 1278 pristinam
1352 1239 1473 1279 repa-

116 1298 231 1324 rasse
263 1283 491 1324 fortunam.
555 1282 694 1339 Igitur
726 1284 813 1324 sive
841 1283 1104 1325 confirmatis
1137 1298 1283 1325 eorum
1319 1285 1470 1325 animis

62 1359 96 1384 ρο
116 1343 204 1383 sive
255 1343 481 1396 imperium
538 1343 674 1398 magis
732 1357 858 1396 quam
916 1343 1143 1385 consilium
1195 1343 1471 1397 sequentibus

117 1401 282 1443 Mediae
313 1402 418 1443 fines
452 1403 666 1457 ingressus
700 1405 774 1443 est.

72 1463 94 1498 2
205 1460 338 1502 Paulo
396 1464 493 1515 post
549 1461 792 1502 Alexandro
849 1460 1007 1502 Arbela
1070 1462 1297 1502 traduntur
1352 1462 1470 1517 regia

117 1521 380 1575 supellectile
425 1520 587 1574 ditique
626 1535 728 1576 gaza
765 1522 944 1575 repleta:
989 1533 1057 1561 1111
1101 1521 1220 1562 milia
1260 1522 1470 1562 talentum

116 1580 245 1633 fuere,
277 1583 493 1633 praeterea
525 1581 734 1634 pretiosae
773 1583 923 1633 vestes,
962 1581 1107 1634 totius,
1146 1583 1192 1621 ut
1226 1595 1353 1635 supra
1386 1580 1470 1622 dic—

63 1656 95 1681 25
117 1641 207 1679 tum
250 1642 323 1691 est,
369 1639 576 1680 exercitus
620 1640 771 1693 opibus
814 1640 859 1680 in
900 1639 1017 1681 illam
1060 1640 1201 1681 sedem
1244 1640 1470 1695 congestis.

115 1697 418 1753 Ingruentibus
447 1699 595 1740 deinde
622 1699 795 1752 morbis,
823 1714 928 1753 quos
957 1699 1062 1741 odor
1088 1699 1339 1740 cadaverum
1367 1701 1469 1741 totis

117 1758 343 1798 iacentium
387 1758 547 1812 campis
588 1758 855 1814 vulgaverat,
896 1759 1102 1800 maturius
1145 1762 1282 1800 castra
1323 1760 1469 1800 movit.

213 1890 229 1919 1
258 1886 437 1932 opimam]
470 1887 620 1930 opinam
646 1891 682 1920 P.
806 1891 826 1920 4
860 1887 932 1932 sui]
966 1887 995 1921 si
1021 1891 1061 1920 V.
1183 1888 1295 1933 vires]
1329 1888 1418 1922 uiris
1445 1892 1469 1921 L

114 1945 160 1967 m.
176 1946 234 1977 pr.
345 1937 365 1967 ὃ
391 1934 508 1979 haud]
535 1937 600 1968 aut
625 1938 650 1967 P
671 1947 714 1969 m.
731 1947 790 1978 pr.
811 1939 851 1968 V.
969 1938 987 1967 6
1016 1935 1185 1980 satiaret]
1213 1935 1370 1969 saciaret
1395 1939 1468 1969 PV.

118 1984 135 2013 7
163 1980 449 2027 supellectilem]
477 1981 775 2026 suppellectilem
798 1987 834 2016 F.
911 1985 930 2016 8
957 1981 1067 2027 nihil]
1093 1981 1209 2016 nichil
1235 1986 1274 2017 V.
1350 1983 1469 2029 aliud]

116 2026 211 2062 aliut
236 2031 275 2061 V.
351 2032 369 2062 9
398 2030 524 2074 onera]
552 2029 690 2063 honera
709 2033 748 2063 V.
826 2034 867 2063 12
894 2029 1088 2074 Babylona
1114 2030 1326 2074 chmptius:
1354 2030 1469 2074 baby-

114 2075 238 2109 lonam
259 2079 362 2117 BLP,
383 2076 598 2110 babilonam
618 2081 655 2119 F,
675 2077 917 2121 babyllonam
935 2081 974 2110 V.
1057 2078 1291 2112 cernentibus
1308 2078 1467 2113 Giuma:

115 2123 344 2157 certantibus
363 2127 402 2157 A.
504 2128 545 2158 13
573 2125 803 2171 ornamenta]
832 2125 1091 2159 ordinamenta
1117 2129 1142 2158 P
1165 2137 1209 2159 m.
1225 2137 1284 2169 pr.
1384 2137 1470 2160 cau-

117 2181 194 2203 sam
214 2172 358 2214 sc›·2'psi:
388 2182 611 2215 causamque
631 2175 670 2205 A.
795 2176 836 2206 17
865 2173 966 2218 suos]
993 2184 1077 2206 suas
1104 2176 1140 2205 L.
1266 2176 1307 2206 19
1333 2173 1467 2219 Igitur]

117 2217 270 2262 Legitur
289 2222 315 2251 F
338 2231 379 2252 m.
395 2231 453 2262 pr.
477 2220 517 2264 [1.
541 2231 582 2253 m.
597 2220 709 2264 pr.‘?].
785 2224 828 2253 ‘22
849 2220 1049 2253 traduntur
1067 2223 1093 2252 P
1114 2232 1157 2254 m.
1173 2232 1250 2264 pru:
1271 2220 1469 2254 traditurc

117 2264 340 2309 [t1·adj**tur
363 2266 416 2311 L].
516 2270 558 2300 23
587 2266 833 2312 supellectile]
860 2267 1119 2311 suppellectile
1143 2272 1178 2300 F.
1279 2271 1322 2301 ‘24
1349 2267 1468 2313 fuere]

116 2311 193 2346 fere
212 2316 248 2354 P,
268 2323 353 2347 uere
367 2316 405 2356 F,
424 2313 504 2347 fure
518 2318 557 2347 V.
627 2314 828 2360 pretiosae]
848 2315 1040 2359 praeciosa
1053 2319 1078 2348 P
1095 2327 1137 2349 m.
1153 2327 1211 2359 pr.
1283 2319 1324 2348 27
1346 2315 1470 2349 iacen-

115 2358 226 2405 tium]
253 2359 459 2394 iacencium
485 2364 524 2393 V.

1499 1300 1517 1326 ἓν

1500 1476 1542 1506 10

1501 1715 1539 1743 11
