1610 2522
153 91 234 131 l90
651 95 691 133 Q.
719 91 858 125 (sR'rl
890 91 1002 126 RUFI

147 200 312 256 dignor,
347 200 562 241 1011010οο.
596 199 682 241 Iam
719 201 881 255 pridem
914 202 1084 242 nativus
1118 202 1188 243 ille
1221 216 1358 242 sermo
1391 216 1503 244 com-

148 259 303 300 mercio
331 260 507 300 aliarum
536 261 728 313 gentium
756 260 958 302 exolevit:
986 264 1070 301 tam
1100 261 1347 311 victoribus,
1374 275 1500 315 quam

76 332 117 360 24
148 319 271 361 victis
306 319 527 374 peregrina
560 319 706 373 lingua
739 319 939 360 discenda
971 323 1044 361 est.
1108 319 1220 373 Non,
1252 321 1503 374 mehercule,

148 379 229 419 ista
263 393 328 418 me
361 378 498 431 macris
531 377 714 432 laedunt,
748 393 874 432 quam
903 379 1015 432 quod
1038 379 1259 433 Amyntas.
1279 379 1502 422 Perdiccae

147 437 278 490 filius,
329 437 551 478 insidiatus
597 441 659 479 est
702 438 804 491 regi.
875 438 979 479 Cum
1027 453 1111 492 quo
1157 439 1270 493 quod
1315 439 1503 481 amicitia
1541 460 1557 486 5

148 496 276 537 fuerit
309 497 427 548 mihi,
458 511 544 537 non
572 511 719 538 recuso
749 474 983 551 defendere,
1017 499 1051 538 si
1076 498 1250 539 fratrem
1279 498 1390 554 regis
1417 513 1503 540 non

75 568 119 597 25
148 557 339 611 oportuit
383 556 504 612 diligi
549 572 572 597 a
612 556 746 597 nobis.
811 556 885 598 Sin
930 561 1072 598 autem
1111 558 1153 598 in
1193 559 1266 599 illo
1307 558 1503 599 fortunae

148 616 282 667 gradu
333 617 521 670 positum
570 616 698 657 etiam
742 618 932 658 venerari
977 631 1146 658 necesse
1191 620 1298 669 erat,
1348 621 1504 669 utrum,

148 689 323 728 quaeso,
366 675 479 729 quod
511 690 598 716 non
639 675 843 729 divinavi,
887 690 983 717 reus
1022 691 1134 729 sum,
1179 691 1230 717 an
1274 675 1501 730 impiorum

149 735 295 776 amicis
341 734 582 776 insontibus
628 749 797 789 quoque
843 735 1108 777 moriendum
1154 736 1245 776 est?
1302 735 1424 785 Quod
1469 736 1501 776 si
1525 757 1560 782 10

147 808 328 848 aequum
362 796 437 847 est,
471 808 546 836 cur
578 797 664 835 tam
699 794 771 836 diu
805 796 930 836 vivo?
967 796 1001 836 si
1035 796 1253 847 iniustum,
1285 809 1360 836 cur
1390 809 1504 836 nunc

77 865 119 894 ⁴26
148 856 289 894 tamen
333 854 530 895 occidor?
581 853 639 894 At
674 854 786 895 enim
829 855 981 909 scripsi
1014 854 1203 896 misereri
1247 869 1314 895 me
1346 869 1505 907 eorum,

149 912 304 967 quibus
347 912 575 954 vivendum
620 917 730 954 esset
777 913 854 954 sub
901 929 967 966 eo,
1009 915 1081 968 qui
1126 929 1169 955 se
1213 912 1327 955 Iovis
1365 913 1502 954 filium

148 972 347 1014 crederet.
411 972 536 1013 Fides
581 972 813 1026 amicitiae,
857 974 944 1013 veri
983 973 1148 1014 consilii
1187 973 1425 1027 periculosa
1457 972 1503 1013 li-

148 1031 299 1083 bertas,
342 1047 406 1072 vos
438 1046 505 1072 me
538 1032 780 1086 decepistis!
813 1047 900 1085 vos,
942 1047 1049 1087 quae
1082 1033 1327 1087 sentiebam,
1358 1047 1411 1073 ne
1442 1046 1503 1073 re·
1525 1052 1559 1078 15

77 1103 122 1141 21
147 1091 335 1143 ticerem,
367 1090 600 1145 inpulistis!
637 1090 867 1146 Scripsisse
900 1107 966 1133 me
992 1091 1094 1133 haec
1120 1092 1258 1133 fateor
1283 1092 1386 1148 regi,
1418 1106 1504 1132 non

149 1150 198 1190 de
231 1165 329 1205 rege
364 1151 636 1205 [scripsisset
687 1150 785 1192 Non
814 1152 925 1192 enim
951 1151 1159 1193 faciebam
1185 1151 1399 1204 invidiam,
1433 1150 1502 1191 sed

148 1224 224 1263 pro
263 1224 312 1250 eo
350 1210 564 1251 timebam.
628 1210 811 1265 Dignior
851 1211 956 1252 mihi
992 1210 1232 1252 Alexander
1270 1210 1504 1259 videbatur,

149 1269 221 1322 qui
254 1267 368 1310 Iovis
403 1269 578 1324 stirpem
612 1270 769 1311 tacitus
807 1273 1074 1326 agnosceret,
1120 1285 1247 1324 quam
1282 1270 1354 1324 qui
1387 1284 1504 1324 prae-

77 1341 120 1370 -23
151 1329 361 1369 dicatione
388 1328 576 1371 iactaret.
632 1328 713 1370 Sed
741 1331 942 1383 quoniam
971 1330 1132 1371 oraculi
1158 1330 1262 1370 fides
1289 1332 1401 1370 certa
1429 1331 1503 1382 est,
1523 1349 1560 1374 20

149 1388 204 1428 sit
231 1388 333 1428 deus
360 1402 509 1429 causae
530 1403 646 1429 meae
667 1389 806 1430 testis:
834 1390 1012 1430 retinete
1032 1404 1099 1435 me
1120 1389 1162 1429 in
1184 1388 1376 1441 vinculis,
1403 1388 1501 1429 dum

148 1448 385 1489 consulitur
423 1447 629 1501 Hammo,
667 1463 768 1489 num
807 1463 1003 1490 arcanum
1046 1452 1087 1489 et
1120 1449 1332 1490 occultum
1366 1446 1503 1489 scelus

149 1507 327 1547 inierim.
392 1507 473 1556 Qui
500 1522 642 1563 regem
670 1511 864 1549 nostrum
892 1508 1092 1563 dignatus
1119 1511 1182 1549 est
1208 1507 1343 1548 filium
1373 1508 1504 1548 nomi—

149 1580 259 1612 nare,
280 1567 492 1607 neminem
519 1581 678 1619 eorum,
712 1568 782 1621 qui
812 1567 934 1621 stirpi
962 1582 1061 1608 suae
1088 1567 1275 1608 insidiati
1304 1570 1415 1618 sunt,
1447 1566 1503 1606 la—

77 1638 119 1667 29
148 1629 235 1666 tere
256 1626 452 1679 patietur.
500 1625 543 1667 Si
569 1627 749 1667 certiora
770 1627 952 1669 oraculis
976 1626 1147 1667 creditis
1169 1641 1260 1667 esse
1279 1628 1502 1678 tormenta,
1522 1645 1557 1671 25

150 1699 199 1725 ne
244 1684 353 1725 hanc
397 1686 567 1738 quidem
607 1686 868 1727 exhibendae
908 1686 1099 1727 veritatis
1131 1686 1257 1726 fidem
1291 1685 1501 1739 deprecor.

78 1756 121 1784 30
150 1743 297 1785 Solent
338 1745 397 1785 rei
431 1744 582 1799 capitis
616 1745 815 1786 adhibere
847 1745 969 1786 vobis
1001 1748 1208 1799 parentes.
1271 1744 1390 1785 Duos
1422 1743 1502 1784 fra·
1522 1749 1576 1785 40

150 1807 234 1844 tres
273 1818 352 1859 ego
392 1817 526 1858 nuper
567 1805 705 1858 amisi,
749 1808 913 1859 patrem
950 1819 1028 1847 nec
1067 1805 1287 1846 ostendere
1327 1817 1500 1858 possum

150 1877 223 1903 nec·
265 1863 462 1904 invocare
502 1864 654 1917 audeo,
698 1878 793 1905 cum
833 1867 875 1905 et
913 1865 1002 1918 ipse
1041 1864 1150 1905 tanti
1183 1863 1372 1904 criminis
1404 1877 1501 1903 reus

248 1972 261 2000 1
286 1968 421 2013 sermo]
437 1978 603 2002 sermone
615 1971 654 2002 V.
731 1969 968 2014 commercio]
984 1968 1198 2003 commertio
1213 1971 1248 2001 P.
1324 1971 1343 2000 3
1358 1966 1501 2000 meher-

149 2015 246 2060 cule]
268 2015 465 2050 nehercule
485 2019 510 2048 P
532 2028 573 2049 m.
590 2028 648 2060 pr.
724 2021 744 2050 4
771 2016 970 2061 Amyntas]
991 2016 1152 2049 amintas
1171 2018 1278 2048 FLV.
1354 2014 1501 2048 Perdic—

150 2062 230 2107 cae]
257 2062 448 2106 perdictae
468 2066 507 2096 V.
594 2067 635 2096 12
662 2065 787 2097 tamen
815 2064 1067 2098 Eberhardus:
1096 2063 1243 2096 demum
1264 2065 1303 2095 A.
1390 2061 1500 2096 111130-

150 2110 236 2155 1011]
265 2110 437 2144 miserere
463 2114 488 2143 P
511 2122 628 2155 mpr.
715 2116 757 2145 15
783 2122 856 2145 vos
881 2121 939 2144 me
965 2115 997 2144 1:
1026 2122 1083 2144 me
1103 2114 1141 2143 A.
1225 2114 1267 2143 16
1294 2109 1500 2154 inpulistis]

150 2156 337 2201 inpolistis
357 2161 382 2190 P
405 2171 446 2192 m.
465 2170 521 2201 pr.
618 2161 658 2192 17
683 2158 908 2203 [scripsisse]
929 2158 994 2193 del.
1016 2158 1146 2192 Aldus.
1242 2160 1283 2190 19
1305 2157 1369 2200 qui
1390 2156 1501 2202 lovis]

150 2205 212 2247 qui
241 2205 320 2238 ouis
341 2208 380 2239 V.
468 2209 509 2239 21
539 2205 603 2251 sit-J
631 2206 659 2238 si
680 2209 719 2239 V.
817 2206 892 2250 me]
919 2217 984 2240 om.
1008 2209 1047 2239 V.
1146 2208 1189 2238 22
1217 2204 1386 2246 Hammo,
1413 2216 1501 2238 num

149 2253 293 2296 scripsi:
311 2253 522 2286 ammodum
537 2256 576 2286 A.
652 2254 843 2299 arcanum]
864 2253 1065 2287 archanum
1080 2255 1219 2285 FLPV.
1295 2255 1338 2285 23
1354 2251 1500 2285 inierim

152 2300 309 2342 Remus:
338 2300 487 2333 interim
514 2303 552 2333 A.
640 2302 866 2336 nominare
893 2301 978 2334 add.
1003 2300 1219 2334 Eussner-us.
1305 2302 1348 2332 ‘34
1376 2298 1500 2344 stirpi]

151 2346 264 2390 stirpe
291 2350 315 2379 P
339 2359 378 2380 m.
397 2360 454 2391 pr.
531 2352 574 2381 25
602 2348 774 2393 certiora]
803 2348 963 2382 cerciora
982 2351 1017 2381 P.
1099 2347 1194 2392 esse]
1220 2349 1317 2381 esset
1336 2349 1362 2379 P
1380 2358 1425 2380 m.
1443 2358 1500 2390 pr.
