1610 2522
62 770 95 793 10

62 1066 92 1090 15

113 1640 244 1681 lentio
284 1654 373 1681 esse
411 1643 636 1681 tecturum.
709 1640 979 1682 Parmenioni
1026 1641 1121 1682 vivo
1162 1640 1297 1681 adhuc
1331 1640 1469 1681 Dareo
1499 1658 1506 1667 ·

390 105 723 141 HISTORIARUM
749 105 1030 140 ALEXANDRI
1061 106 1120 148 VI,
1150 110 1202 140 11.
1389 107 1472 147 195

119 215 288 260 ‘Paterz
320 216 472 270 inquit,
506 216 640 257 ‘meus
661 214 909 270 Hegelocho
937 229 1062 268 quam
1083 214 1349 256 familiariter
1369 230 1472 256 usus

118 275 184 326 sit,
216 289 302 316 non
334 275 565 330 ignoratis:
599 275 719 315 illum
748 274 842 315 dico
869 273 1180 328 Hegelochum,
1213 275 1285 328 qui
1314 276 1358 315 in
1384 274 1472 316 acie

118 334 285 375 cecidit:
331 335 520 375 omnium
563 334 772 375 malorum
812 333 935 375 nobis
977 335 1011 374 is
1042 333 1124 374 fuit
1158 347 1296 374 causa.
1358 333 1469 375 Nam

117 407 211 434 eum
245 394 429 447 primum
462 393 576 435 Iovis
608 394 744 434 filium
773 408 815 434 se
849 392 1024 433 salutari
1057 394 1181 434 iussit
1213 408 1304 446 rex,
1337 394 1380 434 id
1413 393 1474 434 in-

116 452 243 508 digne
286 453 423 494 ferens
466 453 558 494 ille:
617 452 758 493 ‘Hunc
800 453 933 508 igitur
982 465 1124 506 regem
1170 453 1473 507 agnoscimus’,

115 512 267 566 inquit,
301 513 389 566 ‘qui
422 512 671 567 Philippum
707 512 961 567 dedignatur
993 512 1186 566 patrem?
1218 511 1375 553 Actum
1408 514 1473 553 est

116 571 165 611 de
198 572 333 625 nobis,
373 572 408 612 si
444 572 525 612 ista
556 571 718 626 perpeti
753 585 991 625 possumus.
1053 570 1153 613 Non
1185 571 1382 612 homines
1410 586 1473 613 so-

114 631 216 684 lum,
249 631 320 671 sed
353 631 481 672 etiam
515 631 614 672 deos
649 631 845 685 despicit,
884 632 957 684 qui
990 630 1181 685 postulat
1213 631 1315 671 deus
1347 630 1470 671 credi.

114 689 350 731 Amisimus
382 690 685 742 Alexandrum,
717 691 937 731 amisimus
969 704 1135 745 regem:
1169 690 1396 731 incidimus
1429 691 1473 731 in

116 749 358 803 superbiam
391 764 467 791 nec
494 751 570 802 dis,
599 749 755 803 quibus
789 764 831 790 se
859 752 1078 803 exaequat,
1110 764 1185 791 nec
1211 750 1474 804 hominibus,

115 808 269 862 quibus
302 824 345 850 se
371 810 531 862 eximit,
556 809 835 850 tolerabilem.
868 808 1085 850 Nostrone
1107 809 1313 864 sanguine
1347 809 1471 850 deum

113 869 312 918 fecimus,
357 869 430 922 qui
477 883 555 910 nos
602 868 823 909 fastidiat?
865 868 937 922 qui
983 872 1183 923 gravetur
1225 869 1471 910 mortalium

113 927 227 968 adire
260 928 520 969 concilium?
584 927 750 969 Credite
784 927 902 979 mihi,
939 931 980 968 et
1011 942 1102 981 nos,
1136 930 1169 968 si
1202 929 1283 968 viri
1314 942 1473 981 sumus,

113 1001 135 1026 a
168 986 231 1027 dis
274 987 584 1042 adoptabimur.
632 986 734 1036 Quis
775 1002 979 1041 proavum
1007 986 1134 1028 huius
1166 987 1472 1040 Alexandrum,

114 1047 207 1100 quis
251 1045 401 1088 deinde
434 1046 714 1100 Archelaum,
766 1047 862 1100 quis
895 1046 1125 1088 Perdiccan
1159 1047 1320 1088 occisos
1354 1046 1471 1088 ultus

113 1105 206 1146 est‘?
250 1105 333 1147 Hic
366 1106 536 1159 quidem
570 1106 916 1148 interfectoribus
951 1106 1083 1160 patris
1116 1106 1309 1161 ignovit.'
1355 1105 1473 1147 Haec

113 1164 385 1219 Hegelochus
429 1166 536 1206 dixit
578 1180 703 1219 super
735 1180 900 1207 cenam:
942 1168 983 1207 et
1022 1168 1193 1219 postero
1233 1166 1298 1207 die
1334 1166 1473 1220 prima

112 1225 204 1265 luce
247 1239 269 1264 a
311 1228 432 1279 patre
471 1239 671 1266 accersor.
743 1225 898 1266 Tristis
943 1228 1033 1266 erat
1077 1228 1118 1265 et
1157 1240 1223 1265 me
1262 1228 1471 1266 maestum

114 1283 302 1325 videbat:
336 1284 602 1325 audieramus
641 1286 774 1337 enim,
809 1298 914 1338 quae
948 1285 1279 1326 sollicitudinem
1313 1285 1472 1326 incute-

62 1364 75 1386 κ
115 1346 220 1384 rent.
283 1342 454 1397 Itaque,
487 1347 535 1385 ut
567 1345 874 1398 experiremur,
907 1348 1107 1386 utrumne
1139 1344 1236 1384 vino
1272 1346 1472 1399 gravatus

115 1402 335 1443 effudisset
356 1402 429 1444 illa
456 1418 509 1444 an
530 1403 680 1444 altiore
714 1406 917 1457 concepta
950 1403 1149 1453 consilio,
1189 1404 1343 1444 accersi
1376 1418 1472 1444 eum

106 1462 283 1514 placuit.
329 1461 517 1503 Advenit
549 1463 619 1503 ille
652 1462 884 1516 eodemque
921 1477 1112 1503 sermone
1146 1463 1258 1503 ultro
1291 1464 1471 1517 repetito

113 1521 280 1574 adiecit,
301 1536 357 1574 se,
384 1522 470 1563 sive
491 1522 742 1563 auderemus
770 1522 895 1563 duces
922 1536 1024 1568 esse,
1048 1522 1265 1575 proximas
1292 1537 1316 1562 a
1347 1521 1472 1563 nobis

113 1583 255 1634 partes
288 1580 615 1634 vindicaturum,
648 1583 735 1622 sive
763 1581 925 1622 deesset
952 1582 1130 1635 animus,
1157 1582 1384 1622 consilium
1419 1582 1471 1622 si-

210 1749 227 1779 1
249 1745 388 1790 inquit]
409 1745 541 1788 inquid
561 1748 587 1778 B
610 1757 652 1778 m.
671 1757 726 1789 pr.
743 1749 778 1779 L.
853 1745 1067 1790 Hegelocho
1088 1746 1224 1780 Aldus:
1247 1745 1416 1790 egelicho
1437 1750 1470 1788 c,

114 1792 276 1836 egilicho
296 1796 331 1825 P.
409 1796 427 1826 2
454 1792 711 1837 Hegelochum
732 1793 868 1828 Aldus:
901 1792 1120 1838 egelochum
1141 1797 1173 1834 G,
1196 1793 1388 1838 egelocum
1408 1797 1471 1826 PV

117 1851 233 1883 mpr.
333 1844 351 1873 3
379 1842 416 1874 is
441 1839 513 1873 fuit
542 1840 663 1885 Vogel:
692 1840 763 1874 fuit
783 1844 822 1874 A.
922 1845 941 1872 6
970 1840 1109 1886 inquit]
1137 1840 1270 1884 inquid
1289 1844 1397 1874 FLV.

115 1887 266 1932 Actum]
294 1889 444 1921 auctum
471 1890 507 1921 B.
589 1891 609 1921 8
636 1888 766 1933 etiam]
794 1888 912 1922 eciam
931 1891 971 1921 V.
1049 1891 1091 1922 10
1119 1887 1175 1921 dis
1195 1892 1236 1921 P:
1266 1887 1337 1921 diis
1366 1892 1397 1922 c.

115 1945 181 1968 nec
207 1934 431 1975 hominibus,
459 1934 594 1978 quibus
616 1936 669 1980 se]
697 1946 762 1969 nec
782 1935 997 1969 hominibus
1024 1935 1159 1978 quibus
1186 1946 1225 1970 se
1245 1937 1405 1979 exequat
1430 1937 1471 1970 in

114 1985 139 2014 P
159 1982 204 2016 ab
227 1983 274 2016 in.
297 1993 362 2016 om.
384 1983 468 2017 add.
491 1993 580 2016 corr.
605 1983 639 2015 in
664 1984 826 2028 maryine
846 1983 1027 2025 inferiore.
1105 1987 1145 2017 11
1169 1983 1364 2028 sanguine]
1387 1993 1470 2017 san-

115 2029 241 2072 guinei
267 2033 302 2062 P.
392 2034 433 2062 14
461 2041 482 2062 a
509 2029 581 2075 dis]
609 2029 716 2064 adhis
744 2034 775 2065 C.
866 2034 907 2064 15
934 2030 1172 2075 Archelaum]
1207 2030 1412 2064 archilaum
1432 2034 1469 2072 F,

115 2075 290 2110 archelan
303 2081 338 2111 P.
408 2077 610 2111 Perdiccan
625 2081 667 2110 P:
683 2077 895 2121 perdiccam
909 2080 972 2110 BV
982 2106 990 2120 ‚
1004 2077 1195 2121 perdicam
1209 2081 1269 2111 ΕΙ.
1286 2089 1396 2122 ημρν,

115 2123 232 2169 ultus]
252 2123 335 2157 ulus
355 2127 394 2157 V.
480 2127 521 2158 17
542 2124 777 2169 Hegelochus
798 2126 934 2160 Aldus:
963 2124 1161 2169 egelochus
1183 2129 1221 2158 A.
1298 2137 1407 2169 super
1426 2129 1467 2158 P:

117 2182 228 2214 supra
255 2175 287 2204 c.
411 2175 451 2204 21
481 2172 634 2217 accersi]
666 2172 783 2207 acersi
809 2176 843 2205 P.
968 2176 1011 2206 2⁶2
1039 2172 1201 2206 Advenit
1226 2171 1290 2206 ille
1321 2174 1468 2216 scripsi:

117 2218 288 2252 acuenire
309 2221 347 2252 A.
441 2219 598 2263 repetito
625 2224 658 2252 1:
686 2220 805 2264 petito
826 2223 864 2252 A.
953 2224 995 2253 ’23
1023 2219 1227 2265 proximas]
1248 2220 1417 2263 proxima
1431 2223 1468 2253 F.

117 2268 160 2298 25
186 2264 421 2300 Parmenioni
441 2266 521 2301 vivo
548 2270 580 2300 1:
608 2277 675 2310 par
696 2267 843 2300 menion
870 2266 964 2300 iurio
985 2270 1022 2309 P,
1048 2266 1303 2311 parmoenioni
1323 2267 1410 2301 uiuo
1431 2271 1468 2311 F,

116 2312 177 2346 sed
196 2312 233 2345 ni
256 2313 293 2346 in
314 2324 398 2353 ras„
420 2314 636 2357 parmoenio
658 2314 719 2347 oni
740 2314 825 2348 uiuo
847 2317 886 2356 V,
906 2314 1186 2358 parmoeni*oni
1206 2314 1294 2348 uiuo
1321 2318 1356 2355 L.
1384 2325 1469 2358 par-

116 2359 238 2393 menio
265 2359 351 2394 uiuo
372 2363 397 2392 B
419 2372 462 2394 rm.
479 2372 550 2404 pr..
577 2361 791 2405 parmoenio
816 2361 905 2395 uiuo
925 2364 951 2394 Β
972 2372 1060 2396 corr.
1160 2361 1296 2407 Dareo]
1325 2362 1412 2395 :lare
1431 2365 1466 2395 P.

1187 2421 1254 2453 13³³

1499 585 1540 614 24

1499 822 1543 852 25

1499 1000 1543 1030 26

1499 1119 1543 1149 27

1499 1356 1543 1387 28
