<?xml version="1.0" encoding="UTF-8"?>
<!DOCTYPE html PUBLIC "-//W3C//DTD XHTML 1.0 Transitional//EN"
    "http://www.w3.org/TR/xhtml1/DTD/xhtml1-transitional.dtd">
<html xmlns="http://www.w3.org/1999/xhtml" xml:lang="en" lang="en">
 <head>
  <title>
</title>
<meta http-equiv="Content-Type" content="text/html;charset=utf-8" />
  <meta name='ocr-system' content='tesseract 3.04.00' />
  <meta name='ocr-capabilities' content='ocr_page ocr_carea ocr_par ocr_line ocrx_word'/>
</head>
<body>
  <div class='ocr_page' id='page_1' title='image "./historiaealexand00curtuoft_0294.png"; bbox 0 0 1610 2522; ppageno 0'>
   <div class='ocr_carea' id='block_1_1' title="bbox 94 652 111 680">
    <p class='ocr_par' dir='ltr' id='par_1_1' title="bbox 94 652 111 680">
     <span class='ocr_line' id='line_1_1' title="bbox 94 652 111 680; baseline 0 -4"><span class='ocrx_word' id='word_1_1' title='bbox 94 652 111 680; x_wconf 67' lang='lat' dir='ltr'>{l</span> 
     </span>
    </p>
   </div>
   <div class='ocr_carea' id='block_1_2' title="bbox 72 1066 112 1097">
    <p class='ocr_par' dir='ltr' id='par_1_2' title="bbox 72 1066 112 1097">
     <span class='ocr_line' id='line_1_2' title="bbox 72 1066 112 1097; baseline 0.025 -1"><span class='ocrx_word' id='word_1_2' title='bbox 72 1066 112 1097; x_wconf 91' lang='grc'>10</span> 
     </span>
    </p>
   </div>
   <div class='ocr_carea' id='block_1_3' title="bbox 71 1424 109 1454">
    <p class='ocr_par' dir='ltr' id='par_1_3' title="bbox 71 1424 109 1454">
     <span class='ocr_line' id='line_1_3' title="bbox 71 1424 109 1454; baseline 0 0"><span class='ocrx_word' id='word_1_3' title='bbox 71 1424 109 1454; x_wconf 89' lang='grc'>11</span> 
     </span>
    </p>
   </div>
   <div class='ocr_carea' id='block_1_4' title="bbox 141 111 994 154">
    <p class='ocr_par' dir='ltr' id='par_1_4' title="bbox 141 111 994 154">
     <span class='ocr_line' id='line_1_4' title="bbox 141 111 994 154; baseline -0.001 -8"><span class='ocrx_word' id='word_1_4' title='bbox 141 113 228 154; x_wconf 68' lang='lat'>280</span> <span class='ocrx_word' id='word_1_5' title='bbox 645 112 684 153; x_wconf 75' lang='lat' dir='ltr'>Q.</span> <span class='ocrx_word' id='word_1_6' title='bbox 713 112 854 146; x_wconf 65' lang='grc'><strong>0111111</strong></span> <span class='ocrx_word' id='word_1_7' title='bbox 886 111 994 145; x_wconf 73' lang='lat' dir='ltr'>Ruri</span> 
     </span>
    </p>
   </div>
   <div class='ocr_carea' id='block_1_5' title="bbox 139 221 1565 1646">
    <p class='ocr_par' dir='ltr' id='par_1_5' title="bbox 139 221 1565 1646">
     <span class='ocr_line' id='line_1_5' title="bbox 141 221 1494 277; baseline -0.001 -14"><span class='ocrx_word' id='word_1_8' title='bbox 141 222 302 263; x_wconf 83' lang='lat' dir='ltr'>utinam</span> <span class='ocrx_word' id='word_1_9' title='bbox 337 236 422 263; x_wconf 88' lang='lat' dir='ltr'>non</span> <span class='ocrx_word' id='word_1_10' title='bbox 456 222 666 277; x_wconf 81' lang='lat' dir='ltr'>coegisset</span> <span class='ocrx_word' id='word_1_11' title='bbox 699 235 764 261; x_wconf 81' lang='grc'><strong>1110</strong></span> <span class='ocrx_word' id='word_1_12' title='bbox 797 221 876 262; x_wconf 85' lang='lat' dir='ltr'>sibi</span> <span class='ocrx_word' id='word_1_13' title='bbox 910 221 1049 262; x_wconf 79' lang='lat' dir='ltr'>irasci!</span> <span class='ocrx_word' id='word_1_14' title='bbox 1083 222 1202 262; x_wconf 83' lang='lat' dir='ltr'>cuius</span> <span class='ocrx_word' id='word_1_15' title='bbox 1229 221 1494 262; x_wconf 72' lang='lat' dir='ltr'>temerariam</span> 
     </span>
     <span class='ocr_line' id='line_1_6' title="bbox 140 280 1494 337; baseline -0.001 -15"><span class='ocrx_word' id='word_1_16' title='bbox 140 281 331 337; x_wconf 83' lang='lat' dir='ltr'>lingnam</span> <span class='ocrx_word' id='word_1_17' title='bbox 360 281 514 335; x_wconf 88' lang='lat' dir='ltr'>probra</span> <span class='ocrx_word' id='word_1_18' title='bbox 536 281 716 322; x_wconf 75' lang='lat' dir='ltr'>dicentis</span> <span class='ocrx_word' id='word_1_19' title='bbox 738 281 841 321; x_wconf 89' lang='lat' dir='ltr'>mihi</span> <span class='ocrx_word' id='word_1_20' title='bbox 865 283 906 321; x_wconf 84' lang='lat' dir='ltr'>ct</span> <span class='ocrx_word' id='word_1_21' title='bbox 927 280 1048 322; x_wconf 85' lang='lat' dir='ltr'>vobis</span> <span class='ocrx_word' id='word_1_22' title='bbox 1070 281 1229 321; x_wconf 87' lang='lat' dir='ltr'>diutius</span> <span class='ocrx_word' id='word_1_23' title='bbox 1251 280 1343 334; x_wconf 71' lang='lat' dir='ltr'>tuli,</span> <span class='ocrx_word' id='word_1_24' title='bbox 1370 295 1494 334; x_wconf 86' lang='lat' dir='ltr'>quam</span> 
     </span>
     <span class='ocr_line' id='line_1_7' title="bbox 142 339 1495 395; baseline -0.001 -13"><span class='ocrx_word' id='word_1_25' title='bbox 142 342 212 382; x_wconf 88' lang='lat' dir='ltr'>ille</span> <span class='ocrx_word' id='word_1_26' title='bbox 257 340 402 382; x_wconf 84' lang='lat' dir='ltr'>eadem</span> <span class='ocrx_word' id='word_1_27' title='bbox 448 356 513 380; x_wconf 83' lang='lat' dir='ltr'>me</span> <span class='ocrx_word' id='word_1_28' title='bbox 560 340 767 381; x_wconf 75' lang='lat' dir='ltr'>dicentem</span> <span class='ocrx_word' id='word_1_29' title='bbox 810 340 988 381; x_wconf 79' lang='lat' dir='ltr'>tulisset.</span> <span class='ocrx_word' id='word_1_30' title='bbox 1052 339 1216 395; x_wconf 81' lang='lat' dir='ltr'>Regum</span> <span class='ocrx_word' id='word_1_31' title='bbox 1255 340 1495 394; x_wconf 82' lang='lat' dir='ltr'>ducumque</span> 
     </span>
     <span class='ocr_line' id='line_1_8' title="bbox 141 399 1496 454; baseline 0.001 -15"><span class='ocrx_word' id='word_1_32' title='bbox 141 401 365 441; x_wconf 74' lang='lat' dir='ltr'>elementia</span> <span class='ocrx_word' id='word_1_33' title='bbox 397 415 480 441; x_wconf 90' lang='grc'><strong>11011</strong></span> <span class='ocrx_word' id='word_1_34' title='bbox 517 400 558 440; x_wconf 89' lang='grc'>111</span> <span class='ocrx_word' id='word_1_35' title='bbox 595 401 781 454; x_wconf 80' lang='lat' dir='ltr'>ipsorum</span> <span class='ocrx_word' id='word_1_36' title='bbox 816 399 956 454; x_wconf 81' lang='lat' dir='ltr'>mon</span> <span class='ocrx_word' id='word_1_37' title='bbox 990 400 1061 439; x_wconf 65' lang='lat' dir='ltr'>¹sed</span> <span class='ocrx_word' id='word_1_38' title='bbox 1089 400 1214 440; x_wconf 86' lang='lat' dir='ltr'>etiam</span> <span class='ocrx_word' id='word_1_39' title='bbox 1245 399 1285 439; x_wconf 90' lang='lat' dir='ltr'>in</span> <span class='ocrx_word' id='word_1_40' title='bbox 1315 399 1496 454; x_wconf 80' lang='lat' dir='ltr'>illorum,</span> 
     </span>
     <span class='ocr_line' id='line_1_9' title="bbox 142 459 1550 515; baseline 0 -15"><span class='ocrx_word' id='word_1_41' title='bbox 142 461 210 513; x_wconf 77' lang='lat' dir='ltr'>qui</span> <span class='ocrx_word' id='word_1_42' title='bbox 246 463 408 514; x_wconf 71' lang='lat' dir='ltr'>parent,</span> <span class='ocrx_word' id='word_1_43' title='bbox 442 460 625 515; x_wconf 81' lang='lat' dir='ltr'>ingeniis</span> <span class='ocrx_word' id='word_1_44' title='bbox 659 460 740 500; x_wconf 87' lang='lat' dir='ltr'>sita</span> <span class='ocrx_word' id='word_1_45' title='bbox 772 462 846 500; x_wconf 74' lang='lat' dir='ltr'>est.</span> <span class='ocrx_word' id='word_1_46' title='bbox 899 459 1113 513; x_wconf 73' lang='lat' dir='ltr'>Obsequio</span> <span class='ocrx_word' id='word_1_47' title='bbox 1141 459 1396 513; x_wconf 83' lang='lat' dir='ltr'>mitigantur</span> <span class='ocrx_word' id='word_1_48' title='bbox 1422 459 1495 500; x_wconf 92' lang='lat' dir='ltr'>im·</span> <span class='ocrx_word' id='word_1_49' title='bbox 1535 478 1550 504; x_wconf 85' lang='lat'><strong>5</strong></span> 
     </span>
     <span class='ocr_line' id='line_1_10' title="bbox 140 519 1497 573; baseline -0.001 -13"><span class='ocrx_word' id='word_1_50' title='bbox 140 520 273 573; x_wconf 85' lang='lat' dir='ltr'>peria:</span> <span class='ocrx_word' id='word_1_51' title='bbox 316 519 389 560; x_wconf 91' lang='lat' dir='ltr'>ubi</span> <span class='ocrx_word' id='word_1_52' title='bbox 428 534 527 560; x_wconf 67' lang='lat' dir='ltr'>vero</span> <span class='ocrx_word' id='word_1_53' title='bbox 569 519 802 560; x_wconf 82' lang='lat' dir='ltr'>reverentia</span> <span class='ocrx_word' id='word_1_54' title='bbox 841 519 1022 560; x_wconf 80' lang='lat' dir='ltr'>excessit</span> <span class='ocrx_word' id='word_1_55' title='bbox 1055 519 1206 559; x_wconf 84' lang='lat' dir='ltr'>animis</span> <span class='ocrx_word' id='word_1_56' title='bbox 1251 521 1292 559; x_wconf 87' lang='lat' dir='ltr'>et</span> <span class='ocrx_word' id='word_1_57' title='bbox 1333 533 1497 559; x_wconf 87' lang='lat' dir='ltr'>summa</span> 
     </span>
     <span class='ocr_line' id='line_1_11' title="bbox 141 578 1496 632; baseline -0.001 -13"><span class='ocrx_word' id='word_1_58' title='bbox 141 579 238 620; x_wconf 89' lang='lat' dir='ltr'>imis</span> <span class='ocrx_word' id='word_1_59' title='bbox 285 579 621 631; x_wconf 77' lang='lat' dir='ltr'>confunduntur,</span> <span class='ocrx_word' id='word_1_60' title='bbox 666 578 707 619; x_wconf 87' lang='lat' dir='ltr'>vi</span> <span class='ocrx_word' id='word_1_61' title='bbox 755 592 860 632; x_wconf 85' lang='lat' dir='ltr'>opus</span> <span class='ocrx_word' id='word_1_62' title='bbox 906 581 986 631; x_wconf 83' lang='lat' dir='ltr'>est,</span> <span class='ocrx_word' id='word_1_63' title='bbox 1032 581 1078 618; x_wconf 88' lang='lat' dir='ltr'>ut</span> <span class='ocrx_word' id='word_1_64' title='bbox 1111 578 1194 618; x_wconf 87' lang='lat' dir='ltr'>vim</span> <span class='ocrx_word' id='word_1_65' title='bbox 1230 580 1496 632; x_wconf 77' lang='lat' dir='ltr'>repellamus.</span> 
     </span>
     <span class='ocr_line' id='line_1_12' title="bbox 141 637 1565 694; baseline 0 -15"><span class='ocrx_word' id='word_1_66' title='bbox 141 638 223 679; x_wconf 57' lang='lat' dir='ltr'>Sed</span> <span class='ocrx_word' id='word_1_67' title='bbox 258 638 360 692; x_wconf 84' lang='lat' dir='ltr'>quid</span> <span class='ocrx_word' id='word_1_68' title='bbox 396 653 475 694; x_wconf 90' lang='lat' dir='ltr'>ego</span> <span class='ocrx_word' id='word_1_69' title='bbox 509 639 638 678; x_wconf 79' lang='lat' dir='ltr'>mirer</span> <span class='ocrx_word' id='word_1_70' title='bbox 667 638 796 679; x_wconf 87' lang='lat' dir='ltr'>istum</span> <span class='ocrx_word' id='word_1_71' title='bbox 825 638 1119 679; x_wconf 73' lang='lat' dir='ltr'>crudelitatem</span> <span class='ocrx_word' id='word_1_72' title='bbox 1147 637 1253 678; x_wconf 88' lang='lat' dir='ltr'>mihi</span> <span class='ocrx_word' id='word_1_73' title='bbox 1281 637 1497 692; x_wconf 82' lang='lat' dir='ltr'>obiecisse,</span> <span class='ocrx_word' id='word_1_74' title='bbox 1518 643 1565 679; x_wconf 77' lang='lat'>27</span> 
     </span>
     <span class='ocr_line' id='line_1_13' title="bbox 141 696 1496 752; baseline -0.001 -13"><span class='ocrx_word' id='word_1_75' title='bbox 141 699 211 752; x_wconf 88' lang='lat' dir='ltr'>qui</span> <span class='ocrx_word' id='word_1_76' title='bbox 259 697 480 739; x_wconf 79' lang='lat' dir='ltr'>avaritiam</span> <span class='ocrx_word' id='word_1_77' title='bbox 527 697 783 751; x_wconf 81' lang='lat' dir='ltr'>exprobrare</span> <span class='ocrx_word' id='word_1_78' title='bbox 822 712 950 737; x_wconf 85' lang='lat' dir='ltr'>ausus</span> <span class='ocrx_word' id='word_1_79' title='bbox 996 697 1078 738; x_wconf 74' lang='lat' dir='ltr'>sit?</span> <span class='ocrx_word' id='word_1_80' title='bbox 1149 696 1261 737; x_wconf 84' lang='lat' dir='ltr'>Nolo</span> <span class='ocrx_word' id='word_1_81' title='bbox 1304 696 1496 751; x_wconf 84' lang='lat' dir='ltr'>singulos</span> 
     </span>
     <span class='ocr_line' id='line_1_14' title="bbox 141 756 1551 809; baseline 0 -11"><span class='ocrx_word' id='word_1_82' title='bbox 141 760 324 798; x_wconf 82' lang='lat' dir='ltr'>vestrum</span> <span class='ocrx_word' id='word_1_83' title='bbox 364 757 559 809; x_wconf 81' lang='lat' dir='ltr'>excitare,</span> <span class='ocrx_word' id='word_1_84' title='bbox 595 772 644 797; x_wconf 89' lang='lat' dir='ltr'>ne</span> <span class='ocrx_word' id='word_1_85' title='bbox 677 757 855 797; x_wconf 87' lang='lat' dir='ltr'>invisam</span> <span class='ocrx_word' id='word_1_86' title='bbox 892 756 996 797; x_wconf 87' lang='lat' dir='ltr'>mihi</span> <span class='ocrx_word' id='word_1_87' title='bbox 1025 757 1324 797; x_wconf 74' lang='lat' dir='ltr'>liberalitatem</span> <span class='ocrx_word' id='word_1_88' title='bbox 1358 771 1494 797; x_wconf 87' lang='lat' dir='ltr'>meam</span> <span class='ocrx_word' id='word_1_89' title='bbox 1520 776 1551 801; x_wconf 78' lang='grc' dir='ltr'>ιο</span> 
     </span>
     <span class='ocr_line' id='line_1_15' title="bbox 140 815 1497 872; baseline -0.001 -14"><span class='ocrx_word' id='word_1_90' title='bbox 140 817 304 871; x_wconf 63' lang='lat' dir='ltr'>faciam,</span> <span class='ocrx_word' id='word_1_91' title='bbox 351 816 385 857; x_wconf 87' lang='lat' dir='ltr'>si</span> <span class='ocrx_word' id='word_1_92' title='bbox 418 817 567 871; x_wconf 85' lang='lat' dir='ltr'>pudori</span> <span class='ocrx_word' id='word_1_93' title='bbox 606 819 745 857; x_wconf 81' lang='lat' dir='ltr'>vestro</span> <span class='ocrx_word' id='word_1_94' title='bbox 778 830 950 872; x_wconf 84' lang='lat' dir='ltr'>gravem</span> <span class='ocrx_word' id='word_1_95' title='bbox 984 817 1134 857; x_wconf 69' lang='lat' dir='ltr'>fecero.</span> <span class='ocrx_word' id='word_1_96' title='bbox 1198 815 1354 857; x_wconf 83' lang='lat' dir='ltr'>Totum</span> <span class='ocrx_word' id='word_1_97' title='bbox 1383 830 1497 856; x_wconf 83' lang='lat' dir='ltr'>exer-</span> 
     </span>
     <span class='ocr_line' id='line_1_16' title="bbox 139 875 1497 930; baseline -0.001 -13"><span class='ocrx_word' id='word_1_98' title='bbox 139 877 271 918; x_wconf 88' lang='lat' dir='ltr'>citum</span> <span class='ocrx_word' id='word_1_99' title='bbox 305 876 528 930; x_wconf 71' lang='lat' dir='ltr'>adspicite:</span> <span class='ocrx_word' id='word_1_100' title='bbox 562 876 631 930; x_wconf 89' lang='lat' dir='ltr'>qui</span> <span class='ocrx_word' id='word_1_101' title='bbox 668 876 794 930; x_wconf 84' lang='lat' dir='ltr'>paulo</span> <span class='ocrx_word' id='word_1_102' title='bbox 829 879 926 916; x_wconf 87' lang='lat' dir='ltr'>ante</span> <span class='ocrx_word' id='word_1_103' title='bbox 956 876 1063 916; x_wconf 88' lang='lat' dir='ltr'>nihil</span> <span class='ocrx_word' id='word_1_104' title='bbox 1090 879 1257 929; x_wconf 85' lang='lat' dir='ltr'>praeter</span> <span class='ocrx_word' id='word_1_105' title='bbox 1283 890 1399 915; x_wconf 87' lang='lat' dir='ltr'>arma</span> <span class='ocrx_word' id='word_1_106' title='bbox 1426 875 1497 916; x_wconf 88' lang='lat' dir='ltr'>ha-</span> 
     </span>
     <span class='ocr_line' id='line_1_17' title="bbox 140 935 1496 991; baseline -0.001 -15"><span class='ocrx_word' id='word_1_107' title='bbox 140 936 278 990; x_wconf 73' lang='lat' dir='ltr'>bebat,</span> <span class='ocrx_word' id='word_1_108' title='bbox 304 950 417 977; x_wconf 90' lang='lat' dir='ltr'>nunc</span> <span class='ocrx_word' id='word_1_109' title='bbox 444 937 656 991; x_wconf 70' lang='lat' dir='ltr'>argenteis</span> <span class='ocrx_word' id='word_1_110' title='bbox 685 935 811 976; x_wconf 83' lang='lat' dir='ltr'>cubat</span> <span class='ocrx_word' id='word_1_111' title='bbox 835 935 967 988; x_wconf 72' lang='lat' dir='ltr'>lectis,</span> <span class='ocrx_word' id='word_1_112' title='bbox 994 950 1161 976; x_wconf 74' lang='lat' dir='ltr'>mensas</span> <span class='ocrx_word' id='word_1_113' title='bbox 1183 949 1286 976; x_wconf 85' lang='lat' dir='ltr'>auro</span> <span class='ocrx_word' id='word_1_114' title='bbox 1309 938 1496 989; x_wconf 85' lang='lat' dir='ltr'>onerant,</span> 
     </span>
     <span class='ocr_line' id='line_1_18' title="bbox 140 994 1496 1050; baseline -0.001 -13"><span class='ocrx_word' id='word_1_115' title='bbox 140 1010 358 1037; x_wconf 84' lang='lat' dir='ltr'>servorum</span> <span class='ocrx_word' id='word_1_116' title='bbox 392 1009 543 1050; x_wconf 87' lang='lat' dir='ltr'>greges</span> <span class='ocrx_word' id='word_1_117' title='bbox 577 995 753 1048; x_wconf 77' lang='lat' dir='ltr'>ducunt,</span> <span class='ocrx_word' id='word_1_118' title='bbox 798 995 936 1049; x_wconf 86' lang='lat' dir='ltr'>spolia</span> <span class='ocrx_word' id='word_1_119' title='bbox 974 995 1024 1035; x_wconf 84' lang='grc'>(10</span> <span class='ocrx_word' id='word_1_120' title='bbox 1056 994 1253 1035; x_wconf 87' lang='lat' dir='ltr'>hostibus</span> <span class='ocrx_word' id='word_1_121' title='bbox 1287 994 1496 1035; x_wconf 85' lang='lat' dir='ltr'>sustinere</span> 
     </span>
     <span class='ocr_line' id='line_1_19' title="bbox 140 1054 1551 1111; baseline -0.001 -15"><span class='ocrx_word' id='word_1_122' title='bbox 140 1070 223 1097; x_wconf 91' lang='lat' dir='ltr'>non</span> <span class='ocrx_word' id='word_1_123' title='bbox 252 1058 442 1111; x_wconf 87' lang='lat' dir='ltr'>possunt.</span> <span class='ocrx_word' id='word_1_124' title='bbox 494 1055 553 1095; x_wconf 87' lang='lat' dir='ltr'>At</span> <span class='ocrx_word' id='word_1_125' title='bbox 579 1055 688 1096; x_wconf 85' lang='lat' dir='ltr'>enim</span> <span class='ocrx_word' id='word_1_126' title='bbox 713 1054 880 1108; x_wconf 81' lang='lat' dir='ltr'>Persae,</span> <span class='ocrx_word' id='word_1_127' title='bbox 914 1070 1019 1108; x_wconf 77' lang='lat' dir='ltr'>qnos</span> <span class='ocrx_word' id='word_1_128' title='bbox 1047 1054 1239 1107; x_wconf 81' lang='lat' dir='ltr'>vicimus,</span> <span class='ocrx_word' id='word_1_129' title='bbox 1272 1054 1314 1094; x_wconf 92' lang='lat' dir='ltr'>in</span> <span class='ocrx_word' id='word_1_130' title='bbox 1342 1068 1496 1109; x_wconf 85' lang='lat' dir='ltr'>magno</span> <span class='ocrx_word' id='word_1_131' title='bbox 1520 1074 1551 1098; x_wconf 86' lang='lat'>15</span> 
     </span>
     <span class='ocr_line' id='line_1_20' title="bbox 140 1113 1498 1168; baseline -0.001 -12"><span class='ocrx_word' id='word_1_132' title='bbox 140 1116 302 1157; x_wconf 86' lang='lat' dir='ltr'>honore</span> <span class='ocrx_word' id='word_1_133' title='bbox 329 1118 429 1156; x_wconf 91' lang='lat' dir='ltr'>sunt</span> <span class='ocrx_word' id='word_1_134' title='bbox 455 1115 567 1168; x_wconf 87' lang='lat' dir='ltr'>apud</span> <span class='ocrx_word' id='word_1_135' title='bbox 594 1116 676 1155; x_wconf 83' lang='lat' dir='ltr'>me!</span> <span class='ocrx_word' id='word_1_136' title='bbox 711 1114 828 1155; x_wconf 65' lang='lat' dir='ltr'>Mihi</span> <span class='ocrx_word' id='word_1_137' title='bbox 849 1114 1020 1168; x_wconf 84' lang='lat' dir='ltr'>quidem</span> <span class='ocrx_word' id='word_1_138' title='bbox 1049 1113 1353 1154; x_wconf 82' lang='lat' dir='ltr'>moderationis</span> <span class='ocrx_word' id='word_1_139' title='bbox 1380 1128 1498 1154; x_wconf 86' lang='lat' dir='ltr'>meae</span> 
     </span>
     <span class='ocr_line' id='line_1_21' title="bbox 140 1172 1497 1229; baseline -0.002 -13"><span class='ocrx_word' id='word_1_140' title='bbox 140 1175 425 1216; x_wconf 82' lang='lat' dir='ltr'>certissimum</span> <span class='ocrx_word' id='word_1_141' title='bbox 446 1174 650 1215; x_wconf 86' lang='lat' dir='ltr'>indicium</span> <span class='ocrx_word' id='word_1_142' title='bbox 674 1176 749 1229; x_wconf 67' lang='lat' dir='ltr'>est,</span> <span class='ocrx_word' id='word_1_143' title='bbox 771 1173 885 1228; x_wconf 89' lang='lat' dir='ltr'>quod</span> <span class='ocrx_word' id='word_1_144' title='bbox 904 1189 956 1214; x_wconf 90' lang='lat' dir='ltr'>ne</span> <span class='ocrx_word' id='word_1_145' title='bbox 978 1173 1100 1214; x_wconf 85' lang='lat' dir='ltr'>victis</span> <span class='ocrx_word' id='word_1_146' title='bbox 1123 1173 1293 1227; x_wconf 85' lang='lat' dir='ltr'>quidem</span> <span class='ocrx_word' id='word_1_147' title='bbox 1319 1172 1497 1226; x_wconf 83' lang='lat' dir='ltr'>superbe</span> 
     </span>
     <span class='ocr_line' id='line_1_22' title="bbox 140 1232 1496 1289; baseline -0.001 -14"><span class='ocrx_word' id='word_1_148' title='bbox 140 1235 315 1289; x_wconf 90' lang='lat' dir='ltr'>impero.</span> <span class='ocrx_word' id='word_1_149' title='bbox 378 1233 487 1275; x_wconf 88' lang='lat' dir='ltr'>Veni</span> <span class='ocrx_word' id='word_1_150' title='bbox 527 1234 639 1274; x_wconf 88' lang='lat' dir='ltr'>enim</span> <span class='ocrx_word' id='word_1_151' title='bbox 673 1234 714 1274; x_wconf 91' lang='lat' dir='ltr'>in</span> <span class='ocrx_word' id='word_1_152' title='bbox 749 1233 915 1287; x_wconf 78' lang='lat' dir='ltr'>Asiam,</span> <span class='ocrx_word' id='word_1_153' title='bbox 961 1246 1046 1273; x_wconf 91' lang='lat' dir='ltr'>non</span> <span class='ocrx_word' id='word_1_154' title='bbox 1078 1235 1125 1273; x_wconf 86' lang='lat' dir='ltr'>ut</span> <span class='ocrx_word' id='word_1_155' title='bbox 1158 1232 1350 1273; x_wconf 83' lang='lat' dir='ltr'>funditus</span> <span class='ocrx_word' id='word_1_156' title='bbox 1385 1246 1496 1273; x_wconf 84' lang='lat' dir='ltr'>ever-</span> 
     </span>
     <span class='ocr_line' id='line_1_23' title="bbox 139 1292 1497 1348; baseline -0.002 -13"><span class='ocrx_word' id='word_1_157' title='bbox 139 1297 271 1335; x_wconf 87' lang='lat' dir='ltr'>terem</span> <span class='ocrx_word' id='word_1_158' title='bbox 316 1296 464 1348; x_wconf 79' lang='lat' dir='ltr'>gentes</span> <span class='ocrx_word' id='word_1_159' title='bbox 505 1307 581 1334; x_wconf 86' lang='lat' dir='ltr'>nec</span> <span class='ocrx_word' id='word_1_160' title='bbox 621 1296 668 1333; x_wconf 85' lang='lat' dir='ltr'>ut</span> <span class='ocrx_word' id='word_1_161' title='bbox 707 1292 925 1334; x_wconf 82' lang='lat' dir='ltr'>dimidiam</span> <span class='ocrx_word' id='word_1_162' title='bbox 960 1295 1124 1346; x_wconf 85' lang='lat' dir='ltr'>partem</span> <span class='ocrx_word' id='word_1_163' title='bbox 1158 1295 1366 1333; x_wconf 86' lang='lat' dir='ltr'>terrarum</span> <span class='ocrx_word' id='word_1_164' title='bbox 1401 1292 1497 1332; x_wconf 90' lang='lat' dir='ltr'>soli-</span> 
     </span>
     <span class='ocr_line' id='line_1_24' title="bbox 140 1351 1550 1407; baseline -0.002 -13"><span class='ocrx_word' id='word_1_165' title='bbox 140 1354 331 1394; x_wconf 88' lang='lat' dir='ltr'>tudinem</span> <span class='ocrx_word' id='word_1_166' title='bbox 364 1353 564 1407; x_wconf 77' lang='lat' dir='ltr'>facerem,</span> <span class='ocrx_word' id='word_1_167' title='bbox 598 1352 669 1393; x_wconf 86' lang='lat' dir='ltr'>sed</span> <span class='ocrx_word' id='word_1_168' title='bbox 704 1355 751 1393; x_wconf 78' lang='lat' dir='ltr'>ut</span> <span class='ocrx_word' id='word_1_169' title='bbox 784 1352 900 1407; x_wconf 75' lang='grc'><strong>11103,</strong></span> <span class='ocrx_word' id='word_1_170' title='bbox 934 1366 1040 1406; x_wconf 86' lang='lat' dir='ltr'>quos</span> <span class='ocrx_word' id='word_1_171' title='bbox 1073 1352 1185 1393; x_wconf 89' lang='lat' dir='ltr'>bello</span> <span class='ocrx_word' id='word_1_172' title='bbox 1220 1351 1496 1407; x_wconf 79' lang='lat' dir='ltr'>subegissem,</span> <span class='ocrx_word' id='word_1_173' title='bbox 1517 1370 1550 1395; x_wconf 82' lang='lat'>20</span> 
     </span>
     <span class='ocr_line' id='line_1_25' title="bbox 140 1410 1496 1466; baseline -0.002 -12"><span class='ocrx_word' id='word_1_174' title='bbox 140 1413 341 1454; x_wconf 80' lang='lat' dir='ltr'>victoriae</span> <span class='ocrx_word' id='word_1_175' title='bbox 374 1427 491 1454; x_wconf 87' lang='lat' dir='ltr'>meae</span> <span class='ocrx_word' id='word_1_176' title='bbox 524 1427 609 1452; x_wconf 92' lang='lat' dir='ltr'>non</span> <span class='ocrx_word' id='word_1_177' title='bbox 646 1412 891 1466; x_wconf 84' lang='lat' dir='ltr'>paeniteret.</span> <span class='ocrx_word' id='word_1_178' title='bbox 954 1410 1103 1465; x_wconf 84' lang='lat' dir='ltr'>Itaque</span> <span class='ocrx_word' id='word_1_179' title='bbox 1136 1411 1324 1452; x_wconf 85' lang='lat' dir='ltr'>militant</span> <span class='ocrx_word' id='word_1_180' title='bbox 1358 1410 1496 1452; x_wconf 89' lang='lat' dir='ltr'>vobis-</span> 
     </span>
     <span class='ocr_line' id='line_1_26' title="bbox 140 1470 1496 1527; baseline -0.002 -14"><span class='ocrx_word' id='word_1_181' title='bbox 140 1488 254 1527; x_wconf 69' lang='lat' dir='ltr'>cum,</span> <span class='ocrx_word' id='word_1_182' title='bbox 298 1487 375 1527; x_wconf 87' lang='lat' dir='ltr'>pro</span> <span class='ocrx_word' id='word_1_183' title='bbox 409 1472 588 1526; x_wconf 86' lang='lat' dir='ltr'>imperio</span> <span class='ocrx_word' id='word_1_184' title='bbox 623 1475 764 1512; x_wconf 81' lang='lat' dir='ltr'>vestro</span> <span class='ocrx_word' id='word_1_185' title='bbox 799 1471 1049 1526; x_wconf 82' lang='lat' dir='ltr'>sanguinein</span> <span class='ocrx_word' id='word_1_186' title='bbox 1083 1470 1285 1524; x_wconf 77' lang='lat' dir='ltr'>fundunt,</span> <span class='ocrx_word' id='word_1_187' title='bbox 1325 1470 1397 1523; x_wconf 87' lang='lat' dir='ltr'>qui</span> <span class='ocrx_word' id='word_1_188' title='bbox 1430 1484 1496 1511; x_wconf 92' lang='lat' dir='ltr'>su-</span> 
     </span>
     <span class='ocr_line' id='line_1_27' title="bbox 140 1529 1497 1586; baseline -0.001 -15"><span class='ocrx_word' id='word_1_189' title='bbox 140 1532 267 1586; x_wconf 83' lang='lat' dir='ltr'>perbe</span> <span class='ocrx_word' id='word_1_190' title='bbox 300 1532 434 1573; x_wconf 87' lang='lat' dir='ltr'>habiti</span> <span class='ocrx_word' id='word_1_191' title='bbox 470 1532 758 1573; x_wconf 81' lang='lat' dir='ltr'>rebellassent.</span> <span class='ocrx_word' id='word_1_192' title='bbox 809 1530 907 1572; x_wconf 86' lang='lat' dir='ltr'>Non</span> <span class='ocrx_word' id='word_1_193' title='bbox 942 1534 1005 1571; x_wconf 88' lang='lat' dir='ltr'>est</span> <span class='ocrx_word' id='word_1_194' title='bbox 1038 1530 1239 1570; x_wconf 87' lang='lat' dir='ltr'>diuturna</span> <span class='ocrx_word' id='word_1_195' title='bbox 1271 1529 1497 1583; x_wconf 73' lang='lat' dir='ltr'>possessio,</span> 
     </span>
     <span class='ocr_line' id='line_1_28' title="bbox 140 1589 1495 1646; baseline -0.002 -14"><span class='ocrx_word' id='word_1_196' title='bbox 140 1592 182 1632; x_wconf 92' lang='lat' dir='ltr'>in</span> <span class='ocrx_word' id='word_1_197' title='bbox 217 1606 342 1646; x_wconf 89' lang='lat' dir='ltr'>quam</span> <span class='ocrx_word' id='word_1_198' title='bbox 377 1591 519 1644; x_wconf 78' lang='lat' dir='ltr'>gladio</span> <span class='ocrx_word' id='word_1_199' title='bbox 553 1591 810 1631; x_wconf 87' lang='lat' dir='ltr'>inducimur:</span> <span class='ocrx_word' id='word_1_200' title='bbox 846 1590 1148 1631; x_wconf 83' lang='lat' dir='ltr'>beneficiorum</span> <span class='ocrx_word' id='word_1_201' title='bbox 1179 1590 1316 1643; x_wconf 78' lang='lat' dir='ltr'>gratia</span> <span class='ocrx_word' id='word_1_202' title='bbox 1343 1589 1495 1643; x_wconf 90' lang='lat' dir='ltr'>sempi-</span> 
     </span>
    </p>
   </div>
   <div class='ocr_carea' id='block_1_6' title="bbox 92 1644 1549 1704">
    <p class='ocr_par' dir='ltr' id='par_1_6' title="bbox 92 1644 1549 1704">
     <span class='ocr_line' id='line_1_29' title="bbox 92 1644 1549 1704; baseline -0.003 -12"><span class='ocrx_word' id='word_1_203' title='bbox 92 1664 100 1676; x_wconf 69' lang='lat'>‘</span> <span class='ocrx_word' id='word_1_204' title='bbox 139 1655 260 1693; x_wconf 86' lang='lat' dir='ltr'>terna</span> <span class='ocrx_word' id='word_1_205' title='bbox 288 1654 361 1692; x_wconf 85' lang='lat' dir='ltr'>est.</span> <span class='ocrx_word' id='word_1_206' title='bbox 389 1644 453 1691; x_wconf 56' lang='lat' dir='ltr'>‘Si</span> <span class='ocrx_word' id='word_1_207' title='bbox 480 1650 636 1691; x_wconf 86' lang='lat' dir='ltr'>habere</span> <span class='ocrx_word' id='word_1_208' title='bbox 659 1650 817 1704; x_wconf 75' lang='lat' dir='ltr'>Asiam,</span> <span class='ocrx_word' id='word_1_209' title='bbox 843 1664 929 1690; x_wconf 90' lang='lat' dir='ltr'>non</span> <span class='ocrx_word' id='word_1_210' title='bbox 957 1649 1136 1690; x_wconf 86' lang='lat' dir='ltr'>transire</span> <span class='ocrx_word' id='word_1_211' title='bbox 1163 1649 1371 1701; x_wconf 85' lang='lat' dir='ltr'>volumus,</span> <span class='ocrx_word' id='word_1_212' title='bbox 1399 1662 1493 1689; x_wconf 86' lang='grc'><strong>011111</strong></span> <span class='ocrx_word' id='word_1_213' title='bbox 1516 1667 1549 1692; x_wconf 79' lang='lat'>25</span> 
     </span>
    </p>
   </div>
   <div class='ocr_carea' id='block_1_7' title="bbox 138 1707 1495 1751">
    <p class='ocr_par' dir='ltr' id='par_1_7' title="bbox 138 1707 1495 1751">
     <span class='ocr_line' id='line_1_30' title="bbox 138 1707 1495 1751; baseline -0.002 0"><span class='ocrx_word' id='word_1_214' title='bbox 138 1711 206 1751; x_wconf 89' lang='lat' dir='ltr'>his</span> <span class='ocrx_word' id='word_1_215' title='bbox 246 1710 597 1751; x_wconf 85' lang='lat' dir='ltr'>communicanda</span> <span class='ocrx_word' id='word_1_216' title='bbox 636 1713 699 1751; x_wconf 87' lang='lat' dir='ltr'>est</span> <span class='ocrx_word' id='word_1_217' title='bbox 736 1712 882 1750; x_wconf 83' lang='lat' dir='ltr'>nostra</span> <span class='ocrx_word' id='word_1_218' title='bbox 921 1709 1163 1750; x_wconf 86' lang='lat' dir='ltr'>clementia:</span> <span class='ocrx_word' id='word_1_219' title='bbox 1206 1708 1357 1749; x_wconf 89' lang='lat' dir='ltr'>horum</span> <span class='ocrx_word' id='word_1_220' title='bbox 1390 1707 1495 1748; x_wconf 86' lang='lat' dir='ltr'>fides</span> 
     </span>
    </p>
   </div>
   <div class='ocr_carea' id='block_1_8' title="bbox 140 1801 1494 2418">
    <p class='ocr_par' dir='ltr' id='par_1_8' title="bbox 140 1801 1494 2418">
     <span class='ocr_line' id='line_1_31' title="bbox 235 1801 1494 1848; baseline -0.002 -11"><span class='ocrx_word' id='word_1_221' title='bbox 235 1809 254 1838; x_wconf 70' lang='lat'>‘2</span> <span class='ocrx_word' id='word_1_222' title='bbox 283 1804 440 1848; x_wconf 69' lang='lat' dir='ltr'>diutius]</span> <span class='ocrx_word' id='word_1_223' title='bbox 468 1802 612 1836; x_wconf 86' lang='lat' dir='ltr'>diucius</span> <span class='ocrx_word' id='word_1_224' title='bbox 640 1807 678 1836; x_wconf 89' lang='lat' dir='ltr'>V.</span> <span class='ocrx_word' id='word_1_225' title='bbox 791 1807 810 1835; x_wconf 77' lang='lat'>4</span> <span class='ocrx_word' id='word_1_226' title='bbox 838 1802 1052 1847; x_wconf 74' lang='lat' dir='ltr'>clementia]</span> <span class='ocrx_word' id='word_1_227' title='bbox 1080 1801 1283 1836; x_wconf 79' lang='lat' dir='ltr'>clemencia</span> <span class='ocrx_word' id='word_1_228' title='bbox 1309 1805 1347 1835; x_wconf 96' lang='lat' dir='ltr'>V.</span> <span class='ocrx_word' id='word_1_229' title='bbox 1457 1801 1494 1834; x_wconf 90' lang='lat' dir='ltr'>in</span> 
     </span>
     <span class='ocr_line' id='line_1_32' title="bbox 140 1849 1494 1897; baseline -0.003 -11"><span class='ocrx_word' id='word_1_230' title='bbox 140 1852 320 1897; x_wconf 69' lang='lat' dir='ltr'>ipsorum]</span> <span class='ocrx_word' id='word_1_231' title='bbox 347 1852 511 1896; x_wconf 86' lang='lat' dir='ltr'>ipsorum</span> <span class='ocrx_word' id='word_1_232' title='bbox 534 1854 602 1884; x_wconf 84' lang='lat' dir='ltr'>cR.</span> <span class='ocrx_word' id='word_1_233' title='bbox 685 1850 814 1895; x_wconf 59' lang='lat' dir='ltr'>ctiam]</span> <span class='ocrx_word' id='word_1_234' title='bbox 842 1850 957 1883; x_wconf 81' lang='lat' dir='ltr'>eciam</span> <span class='ocrx_word' id='word_1_235' title='bbox 986 1853 1024 1882; x_wconf 91' lang='lat' dir='ltr'>V.</span> <span class='ocrx_word' id='word_1_236' title='bbox 1101 1853 1119 1881; x_wconf 82' lang='lat'>6</span> <span class='ocrx_word' id='word_1_237' title='bbox 1147 1849 1369 1893; x_wconf 79' lang='lat' dir='ltr'>reverentia]</span> <span class='ocrx_word' id='word_1_238' title='bbox 1396 1859 1494 1883; x_wconf 86' lang='lat' dir='ltr'>reve-</span> 
     </span>
     <span class='ocr_line' id='line_1_33' title="bbox 140 1896 1422 1933; baseline -0.003 0"><span class='ocrx_word' id='word_1_239' title='bbox 140 1899 265 1933; x_wconf 78' lang='lat' dir='ltr'>rencia</span> <span class='ocrx_word' id='word_1_240' title='bbox 291 1903 330 1933; x_wconf 88' lang='lat' dir='ltr'>V.</span> <span class='ocrx_word' id='word_1_241' title='bbox 431 1902 448 1932; x_wconf 88' lang='lat'><strong>7</strong></span> <span class='ocrx_word' id='word_1_242' title='bbox 478 1898 754 1932; x_wconf 79' lang='lat' dir='ltr'>confunduntur</span> <span class='ocrx_word' id='word_1_243' title='bbox 783 1898 1031 1932; x_wconf 62' lang='lat' dir='ltr'>flluetzellins:</span> <span class='ocrx_word' id='word_1_244' title='bbox 1061 1896 1319 1931; x_wconf 83' lang='lat' dir='ltr'>confundimus</span> <span class='ocrx_word' id='word_1_245' title='bbox 1347 1899 1422 1930; x_wconf 79' lang='lat' dir='ltr'>AR.</span> 
     </span>
     <span class='ocr_line' id='line_1_34' title="bbox 141 1943 1493 1992; baseline -0.004 -11"><span class='ocrx_word' id='word_1_246' title='bbox 141 1947 230 1992; x_wconf 69' lang='grc'><strong>11111]</strong></span> <span class='ocrx_word' id='word_1_247' title='bbox 252 1959 333 1980; x_wconf 74' lang='lat' dir='ltr'>cum</span> <span class='ocrx_word' id='word_1_248' title='bbox 350 1950 388 1980; x_wconf 83' lang='lat' dir='ltr'>R.</span> <span class='ocrx_word' id='word_1_249' title='bbox 459 1949 478 1979; x_wconf 88' lang='lat'>8</span> <span class='ocrx_word' id='word_1_250' title='bbox 500 1945 626 1990; x_wconf 77' lang='lat' dir='ltr'>mirer]</span> <span class='ocrx_word' id='word_1_251' title='bbox 642 1946 754 1978; x_wconf 76' lang='lat' dir='ltr'>miser</span> <span class='ocrx_word' id='word_1_252' title='bbox 767 1949 806 1979; x_wconf 88' lang='lat' dir='ltr'>R.</span> <span class='ocrx_word' id='word_1_253' title='bbox 877 1944 1154 1989; x_wconf 78' lang='lat' dir='ltr'>crudelitatem}</span> <span class='ocrx_word' id='word_1_254' title='bbox 1176 1943 1435 1977; x_wconf 83' lang='lat' dir='ltr'>eredulitatem</span> <span class='ocrx_word' id='word_1_255' title='bbox 1454 1947 1493 1976; x_wconf 87' lang='lat' dir='ltr'>R.</span> 
     </span>
     <span class='ocr_line' id='line_1_35' title="bbox 141 1990 1493 2038; baseline -0.004 -10"><span class='ocrx_word' id='word_1_256' title='bbox 141 1999 160 2029; x_wconf 89' lang='grc'>9</span> <span class='ocrx_word' id='word_1_257' title='bbox 191 1994 404 2038; x_wconf 69' lang='lat' dir='ltr'>avaritiam]</span> <span class='ocrx_word' id='word_1_258' title='bbox 442 1993 645 2027; x_wconf 83' lang='lat' dir='ltr'>auariciam</span> <span class='ocrx_word' id='word_1_259' title='bbox 682 1996 787 2026; x_wconf 82' lang='lat' dir='ltr'><strong>FLV.</strong></span> <span class='ocrx_word' id='word_1_260' title='bbox 947 1992 1183 2036; x_wconf 78' lang='lat' dir='ltr'>exprobrare]</span> <span class='ocrx_word' id='word_1_261' title='bbox 1220 1990 1421 2035; x_wconf 81' lang='lat' dir='ltr'>exprobare</span> <span class='ocrx_word' id='word_1_262' title='bbox 1453 1994 1493 2024; x_wconf 79' lang='lat' dir='ltr'>R.</span> 
     </span>
     <span class='ocr_line' id='line_1_36' title="bbox 143 2038 1493 2086; baseline -0.004 -10"><span class='ocrx_word' id='word_1_263' title='bbox 143 2047 183 2076; x_wconf 78' lang='lat'>12</span> <span class='ocrx_word' id='word_1_264' title='bbox 205 2038 589 2086; x_wconf 33' lang='lat' dir='ltr'>habebat‘l‘habebant</span> <span class='ocrx_word' id='word_1_265' title='bbox 602 2044 641 2075; x_wconf 86' lang='lat' dir='ltr'>V.</span> <span class='ocrx_word' id='word_1_266' title='bbox 713 2043 753 2073; x_wconf 82' lang='lat'>13</span> <span class='ocrx_word' id='word_1_267' title='bbox 770 2040 932 2085; x_wconf 72' lang='lat' dir='ltr'>mensas}</span> <span class='ocrx_word' id='word_1_268' title='bbox 950 2039 1086 2073; x_wconf 79' lang='lat' dir='ltr'>niensis</span> <span class='ocrx_word' id='word_1_269' title='bbox 1104 2043 1129 2072; x_wconf 89' lang='lat' dir='ltr'>P</span> <span class='ocrx_word' id='word_1_270' title='bbox 1146 2051 1252 2083; x_wconf 75' lang='lat' dir='ltr'>mpr.</span> <span class='ocrx_word' id='word_1_271' title='bbox 1323 2039 1493 2083; x_wconf 69' lang='lat' dir='ltr'>onerant]</span> 
     </span>
     <span class='ocr_line' id='line_1_37' title="bbox 140 2086 1493 2135; baseline -0.002 -12"><span class='ocrx_word' id='word_1_272' title='bbox 140 2090 337 2135; x_wconf 66' lang='lat' dir='ltr'>honerantl</span> <span class='ocrx_word' id='word_1_273' title='bbox 374 2089 555 2123; x_wconf 80' lang='lat' dir='ltr'>honerant</span> <span class='ocrx_word' id='word_1_274' title='bbox 590 2092 625 2121; x_wconf 92' lang='lat' dir='ltr'>P.</span> <span class='ocrx_word' id='word_1_275' title='bbox 746 2092 786 2121; x_wconf 74' lang='lat'>1⁴3</span> <span class='ocrx_word' id='word_1_276' title='bbox 815 2088 913 2131; x_wconf 87' lang='lat' dir='ltr'>apud</span> <span class='ocrx_word' id='word_1_277' title='bbox 942 2091 1015 2121; x_wconf 81' lang='lat' dir='ltr'>me!</span> <span class='ocrx_word' id='word_1_278' title='bbox 1048 2088 1146 2121; x_wconf 73' lang='lat' dir='ltr'>Mihi</span> <span class='ocrx_word' id='word_1_279' title='bbox 1171 2086 1320 2129; x_wconf 76' lang='lat' dir='ltr'>quidem</span> <span class='ocrx_word' id='word_1_280' title='bbox 1347 2087 1493 2130; x_wconf 76' lang='lat' dir='ltr'>scripsi:</span> 
     </span>
     <span class='ocr_line' id='line_1_38' title="bbox 141 2133 1494 2182; baseline -0.004 -11"><span class='ocrx_word' id='word_1_281' title='bbox 141 2138 239 2182; x_wconf 85' lang='lat' dir='ltr'>apud</span> <span class='ocrx_word' id='word_1_282' title='bbox 260 2149 318 2171; x_wconf 85' lang='lat' dir='ltr'>me</span> <span class='ocrx_word' id='word_1_283' title='bbox 339 2137 489 2180; x_wconf 87' lang='lat' dir='ltr'>quidem</span> <span class='ocrx_word' id='word_1_284' title='bbox 511 2139 549 2170; x_wconf 79' lang='lat' dir='ltr'>A.</span> <span class='ocrx_word' id='word_1_285' title='bbox 577 2135 728 2178; x_wconf 80' lang='lat' dir='ltr'>quidem</span> <span class='ocrx_word' id='word_1_286' title='bbox 750 2136 849 2178; x_wconf 86' lang='lat' dir='ltr'>apud</span> <span class='ocrx_word' id='word_1_287' title='bbox 872 2146 929 2169; x_wconf 86' lang='grc'><strong>1110</strong></span> <span class='ocrx_word' id='word_1_288' title='bbox 949 2138 988 2168; x_wconf 83' lang='lat' dir='ltr'>R.</span> <span class='ocrx_word' id='word_1_289' title='bbox 1064 2133 1348 2178; x_wconf 72' lang='lat' dir='ltr'>moderationis]</span> <span class='ocrx_word' id='word_1_290' title='bbox 1368 2133 1494 2167; x_wconf 82' lang='lat' dir='ltr'>mode-</span> 
     </span>
     <span class='ocr_line' id='line_1_39' title="bbox 140 2181 1490 2228; baseline -0.003 -10"><span class='ocrx_word' id='word_1_291' title='bbox 140 2185 300 2219; x_wconf 77' lang='lat' dir='ltr'>racionis</span> <span class='ocrx_word' id='word_1_292' title='bbox 327 2188 366 2218; x_wconf 87' lang='lat' dir='ltr'>V.</span> <span class='ocrx_word' id='word_1_293' title='bbox 508 2184 627 2228; x_wconf 81' lang='lat' dir='ltr'>meae]</span> <span class='ocrx_word' id='word_1_294' title='bbox 661 2193 741 2216; x_wconf 81' lang='lat' dir='ltr'>mae</span> <span class='ocrx_word' id='word_1_295' title='bbox 774 2186 812 2215; x_wconf 82' lang='lat' dir='ltr'>R.</span> <span class='ocrx_word' id='word_1_296' title='bbox 946 2185 983 2214; x_wconf 79' lang='lat'>17</span> <span class='ocrx_word' id='word_1_297' title='bbox 1019 2182 1215 2226; x_wconf 61' lang='lat' dir='ltr'>indicium!</span> <span class='ocrx_word' id='word_1_298' title='bbox 1249 2181 1426 2214; x_wconf 84' lang='lat' dir='ltr'>inditium</span> <span class='ocrx_word' id='word_1_299' title='bbox 1451 2184 1490 2214; x_wconf 80' lang='lat' dir='ltr'>R.</span> 
     </span>
     <span class='ocr_line' id='line_1_40' title="bbox 144 2229 1491 2277; baseline -0.004 -11"><span class='ocrx_word' id='word_1_300' title='bbox 144 2236 184 2266; x_wconf 86' lang='grc'>18</span> <span class='ocrx_word' id='word_1_301' title='bbox 207 2232 349 2277; x_wconf 67' lang='lat' dir='ltr'>Asiam}</span> <span class='ocrx_word' id='word_1_302' title='bbox 377 2231 514 2265; x_wconf 84' lang='lat' dir='ltr'>assiam</span> <span class='ocrx_word' id='word_1_303' title='bbox 535 2234 572 2264; x_wconf 86' lang='lat' dir='ltr'>R.</span> <span class='ocrx_word' id='word_1_304' title='bbox 653 2235 693 2263; x_wconf 67' lang='lat' dir='ltr'>lu</span> <span class='ocrx_word' id='word_1_305' title='bbox 715 2230 908 2263; x_wconf 80' lang='lat' dir='ltr'>dimidiam</span> <span class='ocrx_word' id='word_1_306' title='bbox 930 2231 1074 2273; x_wconf 76' lang='lat' dir='ltr'>partem</span> <span class='ocrx_word' id='word_1_307' title='bbox 1089 2233 1134 2262; x_wconf 84' lang='lat' dir='ltr'>R:</span> <span class='ocrx_word' id='word_1_308' title='bbox 1157 2229 1313 2262; x_wconf 86' lang='lat' dir='ltr'>dimidia</span> <span class='ocrx_word' id='word_1_309' title='bbox 1334 2230 1438 2272; x_wconf 82' lang='lat' dir='ltr'>parte</span> <span class='ocrx_word' id='word_1_310' title='bbox 1454 2231 1491 2261; x_wconf 77' lang='lat' dir='ltr'>A.</span> 
     </span>
     <span class='ocr_line' id='line_1_41' title="bbox 141 2277 1493 2324; baseline -0.004 -11"><span class='ocrx_word' id='word_1_311' title='bbox 141 2284 185 2313; x_wconf 78' lang='lat'>‘20</span> <span class='ocrx_word' id='word_1_312' title='bbox 212 2291 303 2324; x_wconf 87' lang='lat' dir='ltr'>quos</span> <span class='ocrx_word' id='word_1_313' title='bbox 331 2279 428 2313; x_wconf 80' lang='lat' dir='ltr'>bello</span> <span class='ocrx_word' id='word_1_314' title='bbox 454 2289 520 2313; x_wconf 84' lang='lat' dir='ltr'>om.</span> <span class='ocrx_word' id='word_1_315' title='bbox 542 2282 580 2311; x_wconf 87' lang='lat' dir='ltr'>R..</span> <span class='ocrx_word' id='word_1_316' title='bbox 680 2277 925 2322; x_wconf 69' lang='lat' dir='ltr'>subegissemj</span> <span class='ocrx_word' id='word_1_317' title='bbox 953 2277 1187 2321; x_wconf 83' lang='lat' dir='ltr'>subegissent</span> <span class='ocrx_word' id='word_1_318' title='bbox 1214 2280 1248 2309; x_wconf 92' lang='lat' dir='ltr'>P.</span> <span class='ocrx_word' id='word_1_319' title='bbox 1364 2280 1406 2309; x_wconf 67' lang='lat'>2⁴2</span> <span class='ocrx_word' id='word_1_320' title='bbox 1435 2286 1493 2309; x_wconf 87' lang='lat' dir='ltr'>su-</span> 
     </span>
     <span class='ocr_line' id='line_1_42' title="bbox 140 2323 1493 2372; baseline -0.004 -11"><span class='ocrx_word' id='word_1_321' title='bbox 140 2327 271 2372; x_wconf 74' lang='lat' dir='ltr'>perbe]</span> <span class='ocrx_word' id='word_1_322' title='bbox 299 2327 389 2361; x_wconf 79' lang='lat' dir='ltr'>sube</span> <span class='ocrx_word' id='word_1_323' title='bbox 415 2330 444 2359; x_wconf 88' lang='lat' dir='ltr'>R</span> <span class='ocrx_word' id='word_1_324' title='bbox 464 2338 508 2360; x_wconf 83' lang='lat' dir='ltr'>m.</span> <span class='ocrx_word' id='word_1_325' title='bbox 528 2338 583 2370; x_wconf 78' lang='lat' dir='ltr'>pr.</span> <span class='ocrx_word' id='word_1_326' title='bbox 703 2328 746 2358; x_wconf 77' lang='lat'>24</span> <span class='ocrx_word' id='word_1_327' title='bbox 773 2324 912 2370; x_wconf 70' lang='lat' dir='ltr'>gratia]</span> <span class='ocrx_word' id='word_1_328' title='bbox 939 2324 1067 2369; x_wconf 82' lang='lat' dir='ltr'>gracia</span> <span class='ocrx_word' id='word_1_329' title='bbox 1094 2327 1131 2357; x_wconf 77' lang='lat' dir='ltr'>V.</span> <span class='ocrx_word' id='word_1_330' title='bbox 1280 2327 1322 2357; x_wconf 83' lang='grc'>26</span> <span class='ocrx_word' id='word_1_331' title='bbox 1350 2323 1493 2368; x_wconf 77' lang='lat' dir='ltr'>nostra]</span> 
     </span>
     <span class='ocr_line' id='line_1_43' title="bbox 143 2372 935 2418; baseline -0.004 -10"><span class='ocrx_word' id='word_1_332' title='bbox 143 2376 265 2408; x_wconf 83' lang='lat' dir='ltr'>uestra</span> <span class='ocrx_word' id='word_1_333' title='bbox 291 2378 329 2407; x_wconf 91' lang='lat' dir='ltr'>V.</span> <span class='ocrx_word' id='word_1_334' title='bbox 430 2373 641 2418; x_wconf 81' lang='lat' dir='ltr'>clementia]</span> <span class='ocrx_word' id='word_1_335' title='bbox 670 2372 871 2407; x_wconf 85' lang='lat' dir='ltr'>clemencia</span> <span class='ocrx_word' id='word_1_336' title='bbox 898 2376 935 2405; x_wconf 91' lang='lat' dir='ltr'>V.</span> 
     </span>
    </p>
   </div>
  </div>
 </body>
</html>
