1610 2522
81 441 94 465 5

73 725 95 760 5

67 799 95 823 11

66 1036 97 1061 15

68 1631 100 1656 25

389 76 719 111 I-IlSToluAmJM
748 76 1027 110 ALEXANDRI
1055 77 1129 119 llll,
1160 81 1187 111 1.
1408 77 1464 117 43

116 186 260 241 poliS,
300 186 456 241 inquit,
496 186 684 227 habitus
729 186 863 226 famae
907 186 1074 239 ‹reneris
1119 200 1202 225 11011
1243 201 1419 241 lepuo‘n
1411 188 1464 231 11

117 246 187 286 sed
227 219 330 287 libet
370 247 493 299 sen-,e
535 246 718 299 inopiam
760 260 842 299 qua
874 240 1079 298 patientia
1117 245 1292 286 tuleris'.
1355 236 1460 286 Tum

117 305 204 346 111οτ
258 305 478 358 ‘Utinam',
529 306 685 359 inquit,
737 304 899 345 eodem
952 304 1093 346 animo
1144 318 1321 359 regnum
1374 305 1461 358 pati

116 366 291 419 possim!
348 365 426 406 hae
478 380 626 406 manus
679 364 878 406 suffecere
930 364 1136 405 desiderio
1189 378 1300 405 meo:
1358 364 1466 405 nihil

116 425 289 466 habenti
333 424 441 465 nihil
487 424 647 465 defuit’.
723 424 901 479 Magnae
952 423 1106 465 indolis
1153 424 1367 479 specimen
1415 439 1465 465 ex
1493 436 1537 466 26

117 484 195 525 hoc
229 499 421 525 sermone
454 483 739 538 Abdalonymi
774 483 897 538 cepit.
960 482 1108 538 Itaque
1142 499 1226 525 non
1255 483 1466 525 Stratonis

118 543 241 584 modo
269 544 428 598 regiam
458 543 764 598 supellectilem
792 543 969 584 attribui
1002 544 1039 583 ei
1066 543 1202 597 iussit,
1236 543 1308 584 sed
1335 543 1463 597 plera-

118 618 198 657 que
240 605 366 644 etiam
407 618 457 644 ex
490 602 657 644 Persica
695 602 867 657 praeda:
906 603 1121 658 regionem
1162 617 1331 657 quoque
1371 603 1465 643 urbi

117 662 355 716 adpositam
390 662 546 704 dicioni
580 663 669 704 eius
703 662 865 704 adiecit.

205 720 371 764 Interea
410 722 637 777 Amyntas,
680 737 804 776 quem
846 722 896 762 ad
935 720 1086 762 Persas
1132 722 1183 763 ab
1224 721 1466 765 Alexandro
1495 734 1537 764 Ξῖ

118 782 398 836 transfugisse
426 782 622 835 diximus,
656 796 748 822 cum
779 784 982 835 quattuor
1009 781 1180 822 milibus
1210 780 1467 823 Graecorum

119 842 253 895 ipsius
303 857 354 883 ex
404 842 490 882 acie
534 841 766 896 persecutis
820 842 966 897 fugam
1019 840 1213 894 Tripolin
1265 843 1468 895 pervenit.

120 899 221 942 Inde
265 900 308 941 in
350 916 478 942 naves
518 901 725 942 militibus
766 901 961 954 inpositis
1006 899 1191 954 Cyprum
1232 900 1470 941 transmisit

118 964 177 1013 et,
216 975 311 1001 cum
350 961 393 1002 in
426 962 500 1002 illo
535 963 646 1001 statu
680 975 821 1001 rerum
855 960 897 1001 id
932 975 1162 1014 quemque,
1202 961 1317 1014 quod
1350 974 1469 1002 occu-

118 1022 273 1073 passet,
305 1019 550 1061 habiturum
580 1020 858 1061 arbitraretur
885 1020 1001 1061 velut
1034 1022 1148 1061 certo
1182 1020 1272 1061 iure
1304 1034 1467 1074 posses-

120 1094 224 1132 sum,
257 1079 502 1135 Aegyptum
530 1083 672 1134 petere
701 1079 898 1133 decrevit,
930 1081 1102 1133 utrique
1135 1080 1225 1135 regi
1258 1080 1395 1120 hostis
1430 1082 1470 1120 et

120 1153 284 1193 semper
344 1154 391 1179 ex
450 1139 625 1194 ancipiti
681 1139 917 1181 mutatione
973 1142 1215 1193 temporum
1273 1140 1468 1194 pendens.

119 1198 415 1253 Hortatusque
442 1198 599 1240 milites
632 1198 684 1240 ad
712 1214 828 1253 spem
856 1202 997 1240 tantae
1031 1198 1091 1239 rei
1120 1198 1243 1241 docet
1270 1198 1470 1254 Sabacen,
1498 1212 1541 1241 28

120 1260 357 1312 praetorem
391 1257 596 1325 Aegypti,
635 1258 835 1300 cecidisse
876 1259 917 1299 111
952 1258 1057 1299 11010;
1097 1257 1320 1300 Persarum
1354 1274 1471 1314 prae-

66 1334 80 1358 ε
120 1317 275 1359 sidium
326 1321 367 1359 et
418 1318 506 1359 sine
552 1319 655 1359 duce
700 1333 790 1358 esse
842 1321 883 1358 et
928 1317 1180 1371 invalidum,
1231 1317 1470 1374 Aegyptios

120 1392 288 1432 semper
308 1378 574 1431 praetoribus
603 1393 747 1419 eorum
771 1378 947 1418 infestos
975 1392 1052 1431 pro
1075 1352 1200 1418 sociis
1228 1378 1359 1432 ipsos,
1384 1393 1470 1419 non

122 1451 198 1490 pro
232 1437 429 1478 hostibus
463 1438 773 1478 aestimaturos.
839 1435 991 1479 Omnia
1024 1438 1207 1491 experiii
1239 1438 1471 1480 necessitas
1500 1451 1542 1480 29

122 1496 318 1551 cogebat:
371 1496 529 1551 quippe
573 1512 668 1538 cum
710 1497 870 1550 primas
913 1511 1009 1551 spes
1052 1496 1223 1538 fortuna
1266 1497 1473 1551 destituit,

121 1556 265 1597 futura
290 1556 585 1610 praesentibus
613 1556 809 1597 videntur
842 1571 932 1597 esse
963 1556 1142 1610 potiora.
1206 1555 1345 1612 Igitur
1377 1571 1472 1598 con-

122 1616 317 1668 clamant,
349 1615 538 1668 duceret,
577 1630 660 1670 quo
693 1616 917 1656 videretur.
982 1614 1124 1669 Atque
1164 1615 1234 1657 ille
1268 1616 1472 1658 utendum

122 1674 292 1726 animis,
331 1675 429 1716 dum
470 1690 543 1729 spe
577 1675 778 1727 calerent,
816 1677 933 1716 ratus
973 1675 1021 1716 ad
1057 1675 1275 1716 Pelusium
1316 1676 1472 1717 ostium

121 1736 327 1789 penetrat,
361 1734 565 1775 simulans
599 1750 621 1775 a
654 1734 792 1775 Dareo
826 1749 868 1775 se
902 1749 990 1775 esse
1018 1737 1257 1789 praetorem
1284 1736 1472 1776 missum.

220 1867 235 1897 1
264 1863 401 1909 inquit]
430 1863 560 1907 inquid
586 1867 621 1897 P.
744 1867 764 1896 4
790 1864 944 1909 possim]
971 1875 1121 1908 possum
1148 1868 1186 1897 V.
1305 1868 1323 1897 6
1352 1864 1475 1898 Abda-

123 1910 263 1955 lonymi
285 1911 384 1955 cepit
406 1915 445 1944 P:
469 1911 698 1945 abdalonimi
720 1912 843 1955 coepit
870 1917 901 1945 c.
980 1915 997 1944 7
1024 1911 1183 1958 regiam]
1204 1924 1356 1957 regnam
1378 1916 1412 1946 F.

123 1957 392 2002 supellectilem
428 1963 460 1991 1:
498 1959 793 2003 suppellectilem
830 1962 868 1993 A.
1018 1963 1058 1993 12
1095 1960 1299 2003 persecutis
1333 1961 1473 1994 Lauer:

124 2007 334 2050 persecutos
367 2009 406 2039 A.
529 2006 657 2051 fugam
688 2007 888 2041 Kinchius:
922 2007 1012 2051 fuga
1038 2010 1076 2040 A.
1202 2011 1242 2041 13
1277 2007 1472 2052 militibus]

123 2052 273 2087 milibus
287 2057 322 2086 L.
393 2053 569 2100 Cyprum]
590 2066 761 2098 scyprum
775 2058 811 2087 F.
889 2058 931 2088 14
953 2054 1065 2100 quod]
1090 2067 1154 2088 ua*
1165 2058 1200 2087 L.
1267 2059 1307 2088 16
1329 2055 1475 2099 Aegyp-

123 2101 218 2146 tum]
247 2101 439 2146 aegiptum
466 2105 501 2134 F.
618 2102 765 2145 utrique
793 2102 933 2136 Laeter:
960 2102 1089 2145 utique
1116 2105 1154 2136 A.
1274 2106 1315 2136 18
1341 2102 1474 2136 Horta-

124 2149 273 2194 tusque]
301 2148 526 2191 Ortatusque
547 2153 581 2182 P.
663 2149 828 2183 Sabacen
855 2150 991 2184 Aldus:
1020 2151 1170 2183 satacen
1197 2154 1231 2191 P,
1259 2152 1421 2184 satacem
1443 2155 1474 2183 C.

126 2199 168 2229 19
195 2196 373 2241 Aegypti]
396 2196 537 2241 aegipti
558 2201 594 2230 F.
670 2200 713 2230 20
733 2197 955 2242 Aegyptios]
978 2197 1162 2242 aegiptios
1188 2201 1224 2230 F.
1301 2202 1342 2231 21
1371 2208 1476 2242 prae-

124 2243 281 2289 toribus]
314 2244 546 2287 proetoribus
573 2248 608 2277 P.
732 2248 775 2277 24
809 2244 1058 2290 conclamant]
1093 2244 1263 2278 conclant
1291 2248 1316 2278 B
1351 2258 1393 2279 m.
1416 2257 1474 2289 pr.

124 2293 198 2323 FV.
297 2294 340 2324 26
367 2291 554 2325 Pelusium
583 2291 717 2325 ostium
743 2295 776 2325 1:
804 2291 940 2336 pelusii
964 2292 1127 2326 hostium
1155 2296 1193 2325 A.
1300 2296 1341 2325 ‘27
1370 2303 1476 2336 prae-

126 2340 243 2373 torem
270 2337 423 2374 missum
459 2340 579 2385 Voyel:
607 2338 851 2383 praemissum
878 2343 916 2373 A.
