1610 2522
312 127 648 163 HISTORIARUM
674 126 958 161 ALEXANDRI
985 127 1097 172 VIIII,
1124 130 1154 160 6.
1178 130 1208 160 7.
1357 126 1441 166 333

85 241 227 291 erunt⁷
263 252 370 292 quae
402 237 591 278 nondum
624 237 822 290 aduinus,
856 236 890 277 si
922 236 1031 277 nihil
1064 250 1243 290 parvum
1277 235 1442 276 duxeri-

85 312 190 350 mus,
224 298 267 338 in
300 311 384 351 quo
417 311 596 352 magnae
629 296 789 351 gloriae
822 296 938 336 locus
972 298 1046 337 est.
1099 294 1188 336 Vos
1222 295 1348 335 modo
1376 308 1442 335 1116

85 357 136 397 ab
178 357 380 397 intestina
412 356 559 397 fraude
593 359 633 396 et
666 356 995 396 domesticorum
1030 354 1196 396 insidiis
1230 356 1442 408 praestate

84 430 297 457 securum:
339 416 439 457 belli
473 415 707 469 Martisque
747 413 973 455 discrimen
1016 414 1241 468 inpavidus
1276 413 1441 454 subibo.

49 494 63 519 5
85 475 312 529 Philippus
346 476 389 515 in
422 476 509 516 acie
539 474 674 515 tutior
700 489 827 528 quam
854 474 898 514 in
924 473 1091 515 theatro
1118 473 1219 514 fuit:
1251 473 1441 513 hostium
1469 483 1512 512 ‘25

88 549 235 575 manus
263 549 387 589 saepe
412 534 598 587 evitavit,
626 548 797 574 suorum
827 534 1011 587 effugere
1037 547 1123 573 non
1144 532 1290 573 valuit.
1324 531 1442 573 Alio-

86 609 178 634 rum
221 608 389 647 quoque
431 608 580 648 regum
623 594 760 634 exitus
802 593 835 634 si
878 593 1195 646 reputaveritis,
1237 593 1382 645 plures
1419 607 1443 632 a

86 654 173 694 suis
202 668 329 707 quam
357 654 407 693 ab
434 653 556 694 hoste
583 653 861 706 interemptos
888 652 1178 693 numerabitis.
1232 649 1442 705 Ceterum,
1469 661 1512 691 26

87 713 289 766 quoniam
332 712 434 754 olim
478 713 538 753 rei
578 712 763 767 agitatae
805 713 848 752 in
891 712 1032 752 animo
1072 726 1166 752 meo
1200 725 1314 752 1111110
1346 725 1442 765 pro-

32 792 65 816 ιο
86 772 262 812 mendae
295 772 461 813 occasio
495 771 640 812 oblata
672 774 747 817 est,
780 771 884 812 mihi
917 770 1128 811 maximus
1160 770 1356 811 laborum
1384 772 1443 810 at-

87 846 167 885 que
211 846 385 885 operum
426 846 616 871 meorum
650 831 730 871 erit
761 831 945 883 fructus,
987 831 1022 871 si
1055 829 1276 883 Olympias
1309 832 1444 870 mater

87 890 384 931 inmortalitati
399 893 677 943 consecretur,
698 890 952 944 quandoque
967 890 1194 930 excesserit
1210 890 1306 930 vita.
1337 888 1443 942 Hoc,

87 950 122 990 si
155 950 339 1003 licuerit⁷
381 950 474 1003 ipse
506 950 748 1003 praestabo:
780 949 880 1001 hoc,
922 950 958 989 si
990 964 1056 989 me
1088 948 1353 1003 praeceperit
1384 948 1442 989 fa-

87 1012 196 1063 tum,
239 1024 314 1050 vos
352 1009 573 1050 mandasse
606 1023 668 1050 me
702 1009 985 1049 mementote'
1051 1008 1115 1049 Ac
1147 1011 1237 1048 tum
1272 1007 1443 1061 quidem

34 1087 67 1112 15
87 1069 246 1109 amicos
288 1068 461 1109 dimisit.
526 1068 722 1109 Ceterum
765 1082 841 1121 per
883 1068 1108 1121 conplures
1149 1068 1236 1108 dies
1271 1068 1331 1108 ibi
1363 1069 1445 1108 sta-

87 1128 175 1169 tiva
210 1127 370 1168 habuit.

15 1191 64 1227 27
177 1186 294 1227 Haec
327 1187 427 1228 dum
458 1187 504 1227 in
534 1185 656 1227 India
689 1190 906 1242 geruntur,
940 1185 1088 1227 Graeci
1122 1186 1279 1227 milites
1309 1200 1445 1239 nuper
1464 1189 1532 1223 VH

89 1247 133 1287 in
178 1247 365 1287 colonias
411 1262 434 1287 a
477 1261 574 1302 rege
621 1246 789 1287 deducti
841 1246 951 1288 circa
997 1246 1151 1287 Bactra
1195 1248 1290 1286 orta
1334 1246 1446 1285 inter

87 1306 204 1360 ipsos
244 1305 451 1346 seditione
486 1306 725 1346 defecerant
763 1319 850 1346 non
887 1308 971 1346 tam
1007 1304 1250 1346 Alexandro
1290 1305 1445 1346 infensi

35 1383 68 1407 20
88 1379 216 1418 quam
243 1368 359 1405 metu
387 1365 596 1419 supplicii.
650 1364 816 1419 Quippe
847 1365 996 1406 occisis
1024 1364 1276 1418 quibusdam
1309 1378 1445 1418 popu·
1472 1375 1491 1404 2

87 1424 260 1477 larium,
293 1424 367 1477 (1111
398 1424 624 1465 validiores
657 1428 791 1475 erant,
839 1439 955 1465 arma
988 1426 1178 1478 spectare
1213 1426 1446 1477 coeperunt

90 1486 131 1524 et
164 1483 389 1524 Bactriana
423 1498 527 1535 arce,
568 1498 674 1536 quae
708 1484 829 1537 quasi
860 1488 946 1524 tnta
980 1483 1276 1538 neglegentius
1310 1482 1446 1523 adser—

89 1545 187 1582 vata
219 1545 320 1595 erat7
352 1546 558 1597 occupata
593 1543 792 1584 barbaros
826 1557 995 1596 quoque
1029 1543 1072 1583 in
1103 1543 1347 1583 societatem
1378 1542 1445 1582 de-

88 1601 287 1642 fectionis
314 1603 569 1655 inpulerant.
618 1601 918 1643 Athenodorus
947 1604 1036 1642 erat
1062 1602 1259 1656 princeps
1287 1616 1444 1654 eorum,
1472 1614 1491 1643 3

37 1678 70 1703 25
93 1661 167 1714 qui
198 1661 311 1716 regis
345 1675 513 1714 quoque
546 1676 700 1702 nomen
731 1662 1023 1715 adsumpserat
1048 1676 1133 1702 non
1161 1664 1249 1701 tam
1277 1660 1447 1714 imperii

92 1720 288 1774 cupidine
322 1735 448 1774 quam
482 1721 526 1761 in
552 1722 734 1774 patriam
760 1721 1000 1762 revertendi
1027 1735 1122 1761 cum
1156 1721 1220 1775 iis,
1253 1721 1327 1774 qui
1353 1734 1446 1761 auc-

189 1865 202 1892 1
235 1859 394 1894 adiimus
415 1864 457 1893 P:
480 1860 657 1904 atigimus
672 1864 697 1893 B
720 1874 761 1894 m.
779 1873 837 1904 pr.
853 1865 878 1894 F
893 1874 934 1895 m.
947 1873 1003 1905 pr.
1021 1865 1046 1893 Ξ.
1062 1872 1174 1905 impr.
1189 1865 1229 1903 V,
1251 1860 1446 1905 attigimus

91 1909 117 1939 Β
144 1918 232 1941 corr.
255 1911 280 1939 F
307 1918 397 1941 corr.
418 1912 442 1940 L
470 1919 559 1942 corr.
641 1908 867 1953 duxerimus]
896 1907 1096 1942 dixerimus
1123 1912 1159 1942 P.
1235 1912 1254 1941 5
1282 1908 1443 1953 theatro]

90 1954 255 1988 threatro
282 1958 318 1995 P,
344 1956 464 1989 teatro
490 1959 526 1988 F.
640 1955 725 2001 fuit]
753 1967 819 1990 om.
840 1959 878 1989 V.
979 1960 998 1989 6
1025 1956 1171 2001 manus]
1199 1967 1311 1989 manu
1338 1959 1373 1988 P.

91 2001 246 2036 evitavit
271 2003 418 2045 scripsi:
451 2002 591 2036 uitauit
616 2006 655 2037 A.
773 2006 792 2036 9
819 2003 916 2048 meo]
944 2014 1009 2037 om.
1031 2007 1057 2036 F
1077 2015 1121 2037 m.
1143 2014 1198 2046 pr.
1323 2006 1365 2036 10
1393 2004 1447 2036 at-

92 2049 177 2094 que]
207 2049 328 2093 adque
354 2054 389 2082 L.
485 2054 526 2083 12
554 2050 832 2096 inmortalitati]
861 2050 1131 2084 inmortalitate
1158 2054 1192 2084 P.
1284 2049 1374 2093 Hoc,
1402 2050 1445 2095 si]

92 2096 122 2129 si
144 2100 176 2129 c.
254 2100 297 2129 14
326 2108 382 2131 me
403 2099 628 2131 mementote
651 2100 869 2132 Eussnerus:
897 2099 1122 2132 mementote
1143 2102 1176 2141 c,
1203 2099 1390 2131 memento
1411 2101 1446 2130 P.

95 2147 137 2176 15
165 2143 322 2189 dimisit]
360 2144 510 2178 demisit
544 2149 569 2177 P
600 2157 641 2179 m.
673 2158 724 2187 pr.
867 2149 909 2179 18
937 2145 1114 2191 colonias]
1153 2145 1318 2178 colanias
1354 2147 1447 2177 ΒῈῙ1

92 2202 137 2224 m.
156 2202 212 2233 pr.
233 2194 272 2224 V.
372 2192 469 2225 eirca
496 2192 631 2225 Bactra
658 2193 871 2227 Loeeemws:
900 2192 1122 2235 garabactra
1142 2196 1181 2226 A.
1277 2196 1319 2226 19
1348 2192 1449 2226 defe-

94 2238 235 2283 cerant]
257 2237 458 2272 deficerant
479 2243 513 2272 P.
578 2243 621 2273 20
644 2240 833 2285 supplicii]
856 2251 920 2274 om.
938 2244 976 2274 V.
1041 2244 1082 2273 21
1105 2240 1183 2285 qui]
1206 2239 1289 2283 qui*
1307 2243 1375 2272 FL.

95 2286 307 2330 coeperunt]
348 2290 524 2329 ceperunt
557 2290 592 2321 P.
731 2291 773 2320 22
808 2288 914 2330 quasi
953 2290 1050 2321 tuta.
1087 2288 1227 2331 sempsit
1268 2286 1374 2330 quasi
1409 2289 1448 2320 A.

95 2335 138 2365 23
173 2334 252 2366 erat
286 2337 319 2365 1:
359 2335 466 2367 erant
497 2338 536 2367 A.
692 2338 734 2368 25
774 2334 1046 2379 adsumpserat]
1087 2335 1374 2378 adsumpserant
1412 2337 1448 2366 P.

95 2382 138 2412 26
166 2390 248 2413 cum
274 2379 320 2412 iis
348 2381 483 2414 Aldus:
512 2381 655 2415 cunctis
682 2385 720 2415 A.
835 2382 915 2427 qui]
938 2392 1009 2427 que
1035 2385 1071 2415 L.
