1610 2522
387 99 720 136 HISTORIARUM
748 99 1030 134 ALEXANDRI
1056 99 1133 136 VII.
1164 106 1192 134 1.
1381 101 1463 142 201

114 226 199 253 non
236 211 406 252 traditis
446 212 486 251 et
525 209 699 250 adiectis
744 210 870 250 etiam
911 208 1088 263 superbe
1130 209 1256 250 minis
1295 209 1465 251 indicat.

70 271 93 305 3
114 271 221 313 Tum
254 270 463 326 Amyntas
501 270 614 310 facta
647 268 812 309 dicendi
849 270 1085 323 potestate:
1132 268 1193 310 ‘Si
1226 269 1363 322 nihil’,
1407 270 1468 310 111-
1497 281 1538 312 18

115 332 218 385 quit,
251 331 444 372 ‘interest
475 329 600 383 regis,
632 331 743 382 peto,
782 330 840 378 ut,
880 328 980 369 dum
1014 328 1120 382 dico,
1152 328 1334 369 vinculis
1366 328 1467 371 libe-

112 392 205 433 rer-,⁹
256 391 348 432 Rex
381 390 488 432 solvi
521 391 750 442 utrumque
784 387 902 428 iubet
935 387 1274 441 desiderantique
1307 387 1467 442 Amyn-

78 454 197 504 stae,
229 453 278 492 ut
306 449 479 491 habitus
518 462 686 502 quoque
724 447 972 488 redderetur
1011 447 1228 502 armigeri,
1277 448 1467 489 lanceam

114 510 200 551 dari
235 510 369 551 iussit.
433 507 567 557 Quam
606 510 655 548 ut
692 506 812 547 laeva
844 505 1172 560 conprehendit,
1217 508 1375 548 evitato
1419 522 1466 549 eo
1496 520 1537 550 19

112 569 224 624 loco,
265 570 309 610 in
350 583 434 623 quo
476 566 707 607 Alexandri
762 581 916 620 corpus
959 565 1087 620 paulo
1127 568 1224 607 ante
1264 568 1466 608 iacuerat:

114 627 488 682 Qualiscumque,
520 626 672 680 inquit,
705 626 859 667 ‘exitus
886 640 964 667 nos
990 628 1145 678 manet,
1177 641 1262 679 rex,
1295 627 1466 667 confite-

113 703 208 729 mur
238 701 489 742 prosperum
522 686 600 726 tibi
633 684 869 738 debituros,
906 685 1139 726 tristiorem
1179 685 1375 727 fortunae
1407 686 1467 726 111-

60 765 92 788 10
111 749 346 801 putaturos.
428 745 528 787 Sine
571 745 832 799 praeiudicio
885 745 1063 786 dicimus
1109 758 1279 786 causam
1321 745 1467 786 liberis
1495 758 1539 788 20

112 807 365 860 corporibus
399 805 656 858 animisque:
688 804 884 846 habitum
917 804 1058 858 etiarn,
1091 804 1134 844 in
1162 819 1246 858 quo
1267 807 1307 845 te
1341 806 1469 846 comi-

111 867 192 907 tari
227 866 432 918 solemus,
476 863 710 905 reddidisti.
776 863 955 905 Causam
988 878 1074 904 non
1106 878 1353 918 possumus,
1386 865 1468 905 for-

113 927 259 966 tunam
297 926 447 966 timere
485 923 736 964 desinemus.
800 923 869 977 Et,
908 937 1077 977 quaeSO‚
1109 923 1330 977 permittas
1362 923 1467 964 mihi
1495 937 1537 967 21

114 984 155 1025 id
190 985 374 1038 primum
403 983 636 1036 defendere,
670 983 781 1037 quod
809 998 832 1024 a
857 986 899 1023 te
925 983 1122 1023 ultimum
1151 982 1366 1024 obiectum
1393 987 1466 1024 est.

59 1061 90 1085 15
110 1042 220 1096 Nos,
258 1059 348 1096 rex,
388 1042 594 1085 sermonis
637 1042 837 1083 adversus
877 1043 1140 1083 maiestatem
1182 1045 1295 1083 tuam
1331 1042 1467 1084 habiti

112 1102 271 1144 nullius
304 1102 461 1144 conscii
494 1116 638 1144 sumus
671 1102 805 1143 nobis.
871 1101 1064 1142 Dicerem
1098 1101 1180 1142 iam
1214 1102 1377 1156 pridem
1410 1103 1466 1143 vi—

113 1164 219 1203 cisse
252 1164 292 1203 te
324 1162 547 1214 invidiam,
584 1161 667 1202 nisi
699 1161 934 1215 periculum
969 1164 1097 1214 esset,
1138 1176 1189 1202 ne
1228 1162 1311 1203 alia
1349 1161 1468 1203 mali-

114 1221 240 1277 gnius
267 1222 377 1262 dicta
405 1222 594 1262 crederes
620 1221 775 1261 blanda
802 1222 993 1262 oratione
1020 1221 1204 1276 purgari.
1269 1219 1466 1262 Ceterum
1495 1234 1537 1264 22

114 1281 239 1322 etiam
283 1281 318 1322 si
361 1280 510 1322 militis
558 1280 620 1321 tui
654 1281 720 1321 vel
753 1281 795 1321 in
829 1281 997 1335 agmine
1031 1280 1266 1321 deficientis
1299 1283 1341 1321 et
1372 1280 1466 1321 fati-

60 1358 92 1382 20
112 1341 200 1396 gati
231 1340 298 1381 vel
342 1341 386 1382 in
428 1341 515 1382 acie
547 1339 830 1394 periclitantis
862 1339 930 1380 vel
969 1342 1012 1380 111
1045 1339 1319 1381 tabernaculo
1353 1340 1468 1395 aegri

113 1402 154 1440 et
187 1399 361 1440 vulnera
395 1400 581 1440 curantis
631 1399 773 1453 aliqua
805 1413 887 1440 vox
920 1399 1111 1453 asperior
1142 1401 1252 1440 esset
1284 1402 1468 1454 accepta,

112 1473 400 1500 merueramus
427 1459 611 1500 fortibus
637 1459 774 1513 factis,
806 1462 854 1499 ut
879 1458 1026 1500 malles
1047 1473 1095 1499 ea
1115 1461 1299 1513 tempori
1318 1462 1466 1500 nostro

113 1517 308 1572 inputare
341 1533 467 1572 quam
501 1518 655 1559 animo.
703 1517 809 1558 Cum
843 1517 944 1572 quid
983 1518 1136 1559 accidit
1168 1518 1347 1573 tristius,
1382 1533 1466 1559 om·
1495 1532 1539 1562 23

113 1591 186 1618 11οε
223 1577 283 1619 rei
330 1592 490 1618 sumus:
535 1577 784 1632 corporibus
826 1578 1004 1631 nostris,
1049 1592 1155 1632 quae
1200 1577 1349 1632 utique
1381 1591 1467 1619 non

60 1655 92 1678 :⁷5
114 1636 297 1690 odimus,
338 1637 512 1678 infestas
552 1637 826 1677 admovemus
868 1651 1034 1678 manus:
1085 1640 1301 1691 parentes,
1343 1637 1467 1678 liberi

113 1696 148 1736 si
188 1698 429 1750 occurrant⁷
467 1699 508 1737 et
545 1696 702 1751 ingrati
741 1699 781 1737 et
821 1696 945 1737 invisi
991 1699 1099 1737 sunt.
1170 1694 1328 1738 Contra
1371 1712 1467 1739 cum

114 1754 234 1796 donis
284 1755 564 1809 honoramur,
615 1770 711 1796 cum
758 1756 957 1809 praemiis
1003 1756 1146 1796 onusti
1202 1756 1467 1808 revertimur,

210 1888 225 1916 1
255 1883 383 1929 etiam]
404 1884 521 1918 eciam
537 1887 574 1917 V.
652 1883 803 1919 indicat.
844 1884 937 1918 Tum
959 1884 1246 1919 1⁴‘7·e2'nshemius:
1274 1884 1362 1919 inde
1383 1896 1468 1929 cap·

112 1932 191 1964 tum
206 1933 245 1964 A.
318 1935 337 1964 2
353 1932 534 1975 Amyntas
549 1935 581 1964 I:
602 1932 782 1965 amintam
797 1934 836 1965 A.
907 1936 925 1965 3
940 1933 1043 1977 peto]
1058 1932 1177 1976 petito
1194 1936 1225 1965 C.
1296 1936 1315 1965 4
1330 1932 1467 1976 Amyn—

113 1980 174 2012 tae
200 1981 232 2011 1:
261 1978 426 2012 amintae
447 1982 485 2012 A.
536 1979 582 2012 111
605 1982 699 2012 BLV
727 1980 812 2013 add.
842 1980 877 2012 in
904 1981 1069 2025 maryz'ne
1095 1980 1262 2014 defensio
1283 1980 1467 2021 Amintae‚

114 2026 153 2059 in
167 2028 193 2058 F
206 2026 292 2060 haec
305 2026 410 2060 verba
428 2027 462 2060 2²12
480 2031 576 2061 textu
599 2031 682 2061 ante
702 2026 1004 2070 desiderantique
1024 2032 1159 2062 eoetmzt.
1235 2031 1254 2060 5
1277 2027 1464 2072 armigeri]

114 2073 307 2116 armigeris
333 2077 369 2107 Ι..
445 2077 465 2107 8
491 2073 629 2119 inquit]
658 2074 789 2117 inquid
815 2077 851 2107 L.
935 2078 977 2108 10
1003 2074 1251 2120 praeiudicio]
1280 2074 1468 2119 praeiudi—

113 2119 166 2153 tio
181 2123 250 2153 FP.
328 2125 368 2154 11
391 2120 521 2166 etiam]
543 2121 660 2155 eciam
675 2124 712 2154 V.
793 2125 833 2155 13
856 2121 1066 2156 desinemus
1094 2123 1326 2157 Vinclelimcs:
1349 2122 1467 2156 desie-

115 2178 196 2200 mus
213 2170 251 2200 A.
329 2171 371 2202 18
392 2169 574 2214 oratione]
596 2168 755 2203 orationi
775 2173 809 2202 P.
893 2173 934 2203 19
958 2170 1085 2215 etiam]
1109 2169 1225 2203 eciam
1246 2173 1285 2203 V.
1369 2169 1466 2203 mili—

115 2213 178 2259 tis]
198 2214 336 2248 milites
357 2219 379 2248 c
400 2215 522 2260 [miles
542 2216 597 2261 V].
673 2220 715 2249 ‘21
739 2216 918 2262 curantis]
939 2217 1076 2251 curatis
1097 2221 1122 2250 P
1144 2229 1186 2250 m.
1207 2228 1261 2261 pr.
1332 2221 1375 2250 23
1401 2218 1466 2250 tri-

115 2260 222 2306 stius]
243 2262 368 2295 tritius
388 2265 426 2296 V.
503 2267 546 2296 24
568 2275 692 2297 sumus
713 2264 918 2298 Bentleius:
942 2267 1027 2298 sunt
1047 2268 1086 2298 A.
1163 2268 1206 2298 25
1227 2264 1382 2298 infestas
1403 2265 1466 2298 ad-

114 2319 300 2342 movemus
310 2310 445 2344 Aldus:
459 2310 616 2344 infectas
629 2310 869 2345 admonemus
881 2314 906 2344 B
915 2315 974 2344 FL
985 2341 991 2353 ‚
1004 2312 1165 2346 infectus
1177 2312 1417 2345 admonemus
1427 2315 1465 2349 V,

114 2367 179 2390 om.
201 2359 236 2388 P.
312 2356 419 2390 liberi
442 2358 693 2392 Eberhardus:
721 2357 848 2392 liberis
870 2362 908 2391 A.
986 2363 1028 2392 -27
1057 2359 1196 2404 onusti]
1222 2358 1372 2392 honusti
1396 2362 1464 2392 BP.
