1610 2522
346 90 682 125 HISTORIAR-UM
710 89 994 124 ALEXANDRI
1020 89 1115 131 VIII,
1144 94 1196 123 14.
1366 89 1450 129 303

96 200 262 241 dorum:
297 199 536 253 ‘Tandem’‚
580 200 737 253 inquit,
783 199 874 253 ‘par
913 200 1054 239 animo
1087 213 1180 239 meo
1214 198 1451 252 periculum

94 260 234 301 video:
268 273 363 300 cum
396 259 543 300 bestiis
577 259 704 300 simul
735 261 778 299 et
804 273 899 299 011111
928 258 1111 313 egregiis
1138 258 1240 298 viris
1268 273 1332 298 res
1360 258 1450 298 est.'

93 317 354 373 Intuensque
382 318 570 360 Coenon:
606 318 729 358 ‘Cum
756 318 864 373 ego‘,
890 318 1042 371 inquit,
1069 317 1332 358 <Ptolomaeo
1354 316 1451 357 Per—
1480 328 1522 358 15

95 379 296 432 diccaque
329 381 370 419 et
391 378 709 432 Hephaestione
742 378 971 418 comitatus
998 377 1043 418 in
1068 378 1233 418 laevum
1262 376 1451 417 hostium

59 456 73 481 5
97 452 229 480 cornu
261 438 469 492 impetum
504 438 657 490 fecem,
691 437 931 491 viderisque
963 452 1029 477 me
1061 437 1106 477 in
1134 436 1274 477 medio
1303 436 1451 477 ardore

95 498 349 550 certaminis,
382 497 472 551 ipse
505 497 699 538 dextrum
737 511 858 538 move
890 499 932 537 et
963 495 1149 537 turbatis
1182 496 1305 550 signa
1331 496 1450 536 infer.

95 557 178 609 Tu,
211 556 442 612 Antigene,
479 560 521 597 et
552 559 618 611 tu7
651 556 886 609 Leonnate7
919 558 961 596 et
992 555 1181 608 Tauron,
1222 556 1307 596 iam
1340 555 1452 596 inve-

95 616 255 657 hemini
288 617 332 656 in
364 616 546 657 mediam
579 617 712 657 aciem
747 619 788 656 et
813 615 1025 670 urgebitis
1051 615 1247 656 frontem.
1293 613 1452 656 Hastae
1483 625 1522 656 16

96 679 265 716 nostrae
303 675 558 731 praelongae
598 679 638 716 et
676 675 838 716 validae
876 689 963 715 non
1002 675 1105 715 alias
1142 675 1281 729 magis
1324 688 1451 728 quam

43 753 76 777 10
97 736 295 776 adversus
328 735 475 776 beluas
507 738 777 788 rectoresque
811 749 952 775 earum
987 736 1083 775 usui
1110 748 1201 774 esse
1227 736 1451 788 poterunt:

97 794 318 835 deturbate
351 809 441 849 608,
481 795 553 847 qui
585 794 816 845 vehuntur,
856 797 897 835 et
929 794 1043 848 ipsas
1077 794 1304 835 confodite.
1368 793 1451 833 An-

95 868 193 907 ceps
220 868 354 908 genus
381 854 530 894 auxilii
557 857 620 894 est
647 856 689 894 et
715 854 759 894 in
785 868 884 894 suos
906 853 1044 894 acrius
1064 853 1186 894 furit:
1221 853 1264 893 in
1283 852 1450 894 hostem

96 914 205 954 enim
240 914 438 967 imperio,
479 914 523 954 in
556 927 654 954 suos
687 927 844 967 pavore
877 913 1046 967 agitur.'
1109 912 1225 953 Haec
1259 912 1451 953 elocutus
1481 924 1522 954 17

97 973 284 1014 concitat
315 987 470 1027 equum
503 973 679 1027 primus.
741 971 933 1026 Iamque,
979 975 1026 1013 ut
1058 972 1317 1013 destinatum
1351 975 1452 1021 erat,

43 1050 75 1075 15
98 1033 309 1073 invaserat
348 1033 516 1073 ordines
554 1032 762 1086 hostium,
806 1046 902 1073 cnm
937 1031 1103 1073 Coenus
1146 1031 1312 1087 ingenti
1354 1031 1396 1071 vi
1430 1046 1453 1071 a

96 1093 215 1132 laevo
256 1106 388 1132 cornu
426 1091 652 1133 invehitur.
716 1091 910 1132 Phalanx
953 1106 1121 1145 quoque
1165 1091 1348 1131 mediam
1387 1090 1451 1131 In·
1481 1102 1523 1132 18

26 1154 75 1189 49
98 1151 247 1192 dorum
291 1151 423 1192 aciem
467 1166 552 1192 uno
597 1151 760 1205 impetu
805 1152 1009 1205 perrupit.
1072 1149 1130 1192 At
1168 1150 1324 1203 Porus,
1371 1165 1453 1204 qua

97 1211 283 1264 equitem
314 1211 459 1251 invehi
491 1214 691 1265 senserat,
723 1210 869 1251 beluas
902 1211 972 1266 agi
1005 1210 1147 1251 iussit:
1181 1210 1252 1251 sed
1282 1210 1452 1250 tardum

97 1273 138 1311 et
170 1285 301 1324 paene
328 1270 532 1311 inmobile
559 1270 717 1310 animal
744 1284 949 1324 equorum
976 1269 1245 1311 velocitatem
1273 1284 1453 1324 aequare

43 1348 77 1372 20
96 1344 183 1370 non
214 1333 392 1383 poterat.
452 1329 518 1371 Ne
551 1330 802 1385 sagittarum
835 1329 1006 1384 quidem
1038 1332 1151 1371 ullus
1185 1332 1273 1370 erat
1306 1329 1453 1369 barba-

97 1389 154 1429 ris
193 1403 306 1430 usus.
370 1388 538 1443 Quippe
569 1389 720 1444 longas
753 1392 795 1429 et
826 1403 1098 1444 praegraves,
1141 1388 1225 1429 nisi
1257 1388 1376 1442 prius
1408 1388 1452 1428 in
1481 1400 1523 1430 19

97 1451 209 1489 terra
253 1450 495 1489 statuerunt
535 1463 695 1500 arcum,
740 1448 854 1489 haud
893 1448 996 1489 satis
1029 1452 1125 1502 apte
1159 1451 1200 1489 et
1232 1448 1452 1489 commode

97 1509 320 1562 inponunt,
352 1511 445 1548 tum
476 1507 607 1549 humo
640 1507 805 1549 lubrica
836 1511 878 1548 et
910 1508 963 1548 ob
990 1508 1033 1548 id
1059 1507 1303 1561 inpediente
1330 1522 1453 1549 cona-

99 1570 189 1607 tum
241 1567 466 1608 molientes
517 1568 625 1608 ictus
678 1567 895 1609 celeritate
943 1567 1134 1608 hostium
1181 1570 1452 1621 occupantur.

195 1736 212 1764 1
235 1730 416 1776 Tandem]
431 1731 652 1766 tantundem
667 1735 692 1764 P
709 1743 750 1765 m.
767 1743 826 1776 pr.
901 1731 1039 1777 inquit]
1060 1731 1193 1775 inquid
1207 1735 1247 1765 V.
1324 1735 1343 1764 3
1366 1730 1453 1765 Coe-

99 1789 170 1812 non
201 1780 365 1813 ]lerulaz
401 1790 517 1812 cenon
544 1782 582 1812 A.
729 1779 867 1824 inquit]
893 1778 1025 1822 inquid
1051 1783 1090 1812 V.
1237 1778 1453 1812 Ptolomaeo

98 1827 243 1870 scripsi:
272 1826 459 1870 ptolomeo
486 1830 565 1868 FV,
593 1826 806 1870 ptholomeo
833 1829 936 1860 BLP.
1036 1826 1303 1872 Perdiccaque]
1329 1826 1453 1870 perdi-

100 1884 216 1917 caque
241 1877 277 1907 P.
360 1878 380 1907 4
410 1874 685 1918 Hephaestione
714 1874 867 1918 Cospus:
896 1874 1114 1918 ephestione
1140 1877 1178 1908 A.
1267 1878 1286 1906 5
1314 1873 1451 1919 fecero]

99 1920 194 1955 facio
221 1925 247 1954 F
270 1934 310 1955 m.
329 1933 387 1965 pr.
502 1922 577 1967 me]
604 1933 669 1956 om.
691 1925 716 1954 P
736 1933 779 1955 m.
798 1933 855 1965 pr.
982 1925 998 1955 7
1027 1922 1213 1966 Antigene
1240 1921 1451 1965 Zumptz'us:

99 1969 277 2013 antigone
302 1972 341 2003 A.
464 1968 539 2002 iam
565 1969 792 2003 invehemini
816 1970 962 2013 scripsi:
993 1980 1066 2002 non
1092 1968 1315 2003 inuehimini
1335 1972 1370 2009 P,
1398 1968 1451 2001 in-

98 2016 280 2049 uehimini
300 2021 333 2050 C.
445 2020 463 2049 S
491 2016 690 2062 urgebitis]
710 2016 918 2060 urguebitis
939 2020 1011 2050 FV.
1132 2019 1174 2050 10
1200 2016 1453 2061 rectoresque]

100 2065 314 2107 ectoresque
346 2067 375 2097 V
401 2076 446 2098 m.
466 2075 545 2108 pn,
583 2068 826 2106 uectoresque
858 2067 886 2097 V
908 2076 949 2097 m.
970 2075 1035 2098 sec.
1184 2068 1224 2097 11
1254 2064 1331 2109 eos]
1359 2075 1400 2097 eo
1427 2066 1453 2096 B

100 2122 218 2154 vrpr.
365 2115 408 2145 15
436 2110 592 2156 Coenus]
626 2122 737 2145 cenus
769 2114 795 2143 B
824 2123 867 2145 m.
887 2123 942 2154 pr.
963 2115 1002 2144 V.
1127 2122 1147 2145 a
1174 2110 1279 2145 laevo
1307 2112 1452 2154 scripsi:

99 2157 138 2190 in
165 2159 310 2192 laevum
336 2162 373 2192 A.
470 2162 512 2192 16
539 2158 723 2204 Phalanx]
749 2158 935 2202 phalancx
955 2163 995 2193 V.
1091 2163 1132 2192 17
1159 2159 1345 2203 perrupit]
1371 2169 1452 2202 per-

100 2205 241 2248 rumpit
259 2209 285 2238 F
305 2218 349 2240 m.
368 2218 424 2250 pr.
597 2210 640 2239 21)
668 2206 906 2251 sagittarum]
940 2206 1148 2250 sagitarum
1173 2209 1208 2239 L.
1338 2205 1452 2250 ullus]

101 2251 224 2285 nullus
250 2256 285 2286 P.
407 2253 592 2298 barbaris]
625 2253 804 2287 barbarus
831 2257 857 2286 F
877 2265 919 2287 m.
937 2265 996 2297 pr.
1144 2258 1185 2287 21
1208 2253 1338 2297 longas
1362 2253 1452 2287 Fro-

102 2300 242 2334 benius:
270 2300 403 2345 longae
430 2305 468 2334 A.
622 2305 665 2334 22
693 2302 905 2335 statuerunt
938 2301 1138 2335 Kinche'ns:
1175 2302 1382 2334 statuerent
1413 2303 1451 2334 A.

102 2350 145 2380 24
166 2346 277 2392 ictus]
298 2348 420 2382 hictus
440 2352 478 2381 V.
