1610 2522
121 102 207 143 3011
625 102 664 144 Q.
694 101 837 137 CURTI
866 103 975 138 RUFI

50 221 94 252 20
122 211 367 263 simulabat,
412 212 553 267 coegit
597 211 825 253 advertere.
902 211 989 253 Iam
1036 216 1155 254 extra
1199 217 1471 268 conspectum

47 518 87 548 21

46 756 65 785 τί)

70 756 88 785 ιθ

45 1292 89 1321 24

44 1471 87 1500 25

43 1828 85 1857 ⁶27

119 269 257 311 hostis
298 270 437 311 insula
476 275 575 312 erat.
640 270 881 312 Alexander
919 272 962 312 in
1002 272 1168 314 diversa
1206 277 1325 327 parte
1359 274 1473 328 ripae

121 330 251 370 statui
285 344 405 371 suum
441 330 763 371 tabernaculum
796 331 921 372 iussit
947 331 1251 386 adsuetamque
1279 334 1471 375 comitari

121 389 259 443 ipsum
295 389 513 431 cohortem
547 393 644 430 ante
677 390 719 430 id
749 390 1069 431 tabernaculum
1099 395 1209 432 stare
1237 398 1277 432 et
1305 407 1471 434 omnem

120 451 369 502 apparatum
404 449 545 503 regiae
578 449 920 503 magnificentiae
952 450 1142 492 hostium
1177 452 1311 493 oculis
1339 453 1388 493 de
1415 453 1473 494 in—
1512 472 1527 498 5

120 507 281 548 dustria.
314 508 491 550 ostendi.
541 507 737 549 Attalum
765 509 904 562 etiam,
937 510 1154 564 aequalem
1183 511 1267 552 sibi
1293 514 1335 552 et
1362 512 1473 552 haud

119 567 328 621 disparem
367 567 518 609 habitu
558 568 644 609 oris
683 571 725 609 et
760 569 969 623 corporis,
1015 571 1163 623 utique
1196 585 1290 611 cum
1323 571 1473 625 procul

118 627 345 681 viseretur,
397 630 512 669 veste
556 627 675 681 regia
719 631 895 669 exornat
940 628 1232 683 praebiturum
1278 631 1474 685 speciem,

117 686 257 740 ipsum
287 701 430 741 regem
459 687 522 729 illi
550 687 667 741 ripae
687 687 926 741 praesidere
951 703 1028 729 nec
1047 690 1234 743 cogitare
1262 689 1312 730 de
1339 693 1473 731 trans-

117 745 192 786 1111.
256 746 396 787 Huius
436 746 605 788 consilii
645 748 840 788 effectum
873 748 1012 801 primo
1046 751 1211 789 morata
1243 751 1473 803 tempestas
1495 770 1528 795 10

118 808 193 858 est,
227 820 325 846 mox
358 806 522 847 adiuvit
556 806 826 847 incommoda
857 822 1027 861 quoque
1056 808 1108 848 ad
1135 808 1271 849 bonos
1299 812 1473 850 eventus

117 868 307 906 vertente
346 866 530 907 fortuna.
593 865 788 907 Traicere
826 881 993 907 amnem
1027 882 1122 908 cum
1157 869 1306 909 ceteris
1339 868 1474 923 copiis

118 924 160 964 in
194 925 412 979 regionem
446 925 626 979 insulae,
662 925 711 966 de
745 940 828 980 qua
859 929 957 967 ante
989 927 1150 967 dictum
1183 930 1264 981 est,
1296 927 1475 981 parabat

117 998 265 1024 averso
311 984 434 1026 hoste
480 985 521 1024 in
568 999 657 1038 eos,
703 986 776 1039 qui
816 1000 911 1025 cum
944 985 1193 1028 Ptolomaeo
1230 986 1472 1028 inferiorem

118 1043 372 1084 obsederant
402 1044 558 1098 ripam,
591 1059 686 1085 cum
720 1047 907 1099 procella
934 1045 1114 1086 imbrem
1147 1046 1219 1086 vix
1245 1046 1323 1087 sub
1349 1047 1473 1088 tectis
1494 1067 1527 1092 15

117 1102 382 1145 tolerabilem
411 1104 601 1144 effundit.
642 1102 880 1158 Obrutique
902 1104 1058 1146 milites
1084 1105 1232 1146 nimbo
1253 1106 1298 1146 in
1317 1109 1472 1147 terram

117 1162 366 1218 refugerunt
410 1163 594 1219 navigiis
640 1163 889 1218 ratibusque
935 1164 1130 1219 desertis,
1194 1165 1267 1206 sed
1315 1166 1472 1207 tumul-

116 1222 330 1263 tuantium
363 1222 560 1263 fremitus
595 1222 941 1277 obstrepentibus
976 1224 1116 1265 ventis
1148 1224 1200 1265 ab
1234 1225 1357 1266 hoste
1388 1240 1473 1266 non

116 1284 286 1335 poterat
330 1282 478 1323 audiri.
540 1282 704 1323 Deinde
749 1285 966 1324 momento
1011 1284 1218 1338 temporis
1256 1299 1474 1338 repressus

116 1344 180 1381 est
213 1341 359 1395 imber,
392 1345 579 1382 ceterum
612 1343 716 1384 adeo
745 1343 906 1397 spissae
932 1343 1151 1385 intendere
1178 1358 1220 1384 se
1247 1345 1393 1397 nubes,
1426 1347 1474 1385 ut
1493 1363 1527 1389 so

115 1400 344 1442 conderent
369 1401 507 1442 lucem
526 1401 681 1456 vixque
702 1401 1052 1456 conloquentium
1075 1404 1187 1443 inter
1208 1404 1322 1457 ipsos
1343 1403 1472 1445 facies

115 1460 440 1501 noscitarentur.
475 1460 716 1502 Terruisset
741 1461 873 1502 alium
901 1462 1085 1504 obducta
1110 1477 1195 1503 nox
1223 1462 1352 1517 caelo,
1375 1478 1471 1505 cum

114 1519 264 1574 ignoto
307 1535 429 1561 amne
472 1520 761 1575 navigandum
808 1523 935 1574 esset,
986 1522 1167 1562 forsitan
1212 1522 1336 1563 hoste
1379 1537 1470 1564 eam

115 1579 250 1633 ipsam
284 1579 439 1633 ripam,
473 1595 600 1634 quam
635 1581 744 1621 caeci
778 1583 905 1634 atque
939 1581 1153 1635 inprovidi
1176 1582 1380 1635 petebant,
1421 1585 1471 1624 te-

114 1643 241 1680 nente.
304 1638 363 1680 At
400 1654 473 1680 rex
513 1639 703 1694 periculo
743 1639 925 1695 gloriam
959 1654 1175 1682 accersens
1209 1644 1250 1682 et
1283 1641 1471 1683 obscuri·
1491 1659 1524 1684 25

113 1700 263 1751 tatem,
309 1713 416 1753 quae
459 1702 618 1740 ceteros
651 1699 857 1753 terrebat,
903 1714 1021 1741 suam
1055 1700 1318 1742 occasionem
1351 1704 1471 1741 ratus

114 1757 213 1798 dato
260 1758 401 1813 signo,
446 1762 494 1798 ut
539 1773 686 1799 omnes
731 1759 902 1799 silentio
947 1759 1220 1801 escenderent
1263 1760 1307 1801 in
1345 1762 1470 1815 rates,

116 1831 226 1871 eam,
259 1832 342 1871 qua
373 1817 463 1872 ipse
496 1817 746 1871 vehebatur,
787 1819 969 1873 primam
1004 1818 1129 1859 iussit
1160 1820 1326 1873 expelli.
1389 1818 1470 1860 Va-

212 1940 226 1967 1
257 1934 465 1980 advertere]
494 1937 663 1970 auertere
689 1939 724 1969 P.
817 1940 836 1969 6
865 1936 1027 1981 ostendi]
1055 1936 1275 1971 ostendendi
1296 1939 1322 1969 1²
1347 1948 1392 1971 m.
1410 1948 1467 1980 pr.

114 1986 133 2014 9
162 1982 328 2026 cogitare
355 1983 471 2028 Voyel:
500 1983 645 2027 agitare
666 1986 704 2017 A.
808 1987 849 2017 12
876 1984 1059 2030 vertente]
1087 1985 1277 2018 euertente
1303 1986 1329 2016 B
1349 1996 1393 2018 m.
1409 1995 1468 2028 pr.

115 2033 158 2063 14
185 2029 399 2064 Ptolomaeo
423 2031 570 2074 scripsi:
598 2031 786 2075 ptolomeo
814 2035 847 2073 c,
873 2030 1088 2075 ptholomeo
1114 2035 1149 2065 P.
1227 2034 1269 2065 15
1296 2030 1469 2077 imbrem]

113 2076 244 2119 ingens
270 2080 306 2117 P,
333 2078 374 2111 in
399 2088 469 2121 quo
494 2089 538 2112 m.
560 2090 626 2112 rec.
649 2083 733 2122 post
757 2077 917 2112 effundit
942 2079 1027 2113 add.
1054 2079 1220 2113 imbrem.
1345 2082 1387 2112 19
1415 2089 1469 2112 1-0-

113 2124 278 2169 pressus]
304 2129 433 2169 repsus
453 2129 490 2166 L,
516 2135 664 2171 respsus
683 2129 719 2159 P.
796 2130 836 2160 21
867 2125 1016 2172 vixque]
1041 2125 1103 2159 uix
1125 2130 1160 2160 P.
1237 2129 1280 2159 22
1307 2126 1467 2160 noscita-

112 2173 241 2205 rentui·
266 2176 299 2205 1:
333 2173 582 2207 noscitaretur
607 2176 644 2207 A.
782 2177 824 2207 23
852 2173 973 2219 hoste]
1001 2176 1081 2208 oste
1107 2178 1142 2207 L.
1278 2177 1323 2207 24
1344 2178 1465 2218 pete-

114 2219 236 2262 bant,
264 2224 450 2255 tenente.
501 2222 551 2254 At
578 2231 642 2255 rex
667 2221 827 2265 Ieepius:
862 2222 899 2255 et
931 2231 974 2254 ex
1000 2224 1040 2255 A.
1145 2225 1188 2254 25
1215 2232 1406 2256 accersens
1433 2222 1470 2255 et

112 2267 273 2310 Jeepius:
303 2270 533 2302 accerserent
552 2271 591 2302 A.
667 2272 710 2302 26
739 2268 896 2313 ceteros]
917 2270 1098 2303 teceteros
1120 2273 1151 2302 c.
1228 2272 1270 2302 27
1294 2268 1467 2302 escende-

112 2315 195 2347 rent
214 2317 256 2347 P:
285 2315 529 2350 ascenderent
548 2320 580 2349 c.
667 2317 765 2350 rates
787 2315 1007 2350 Frobenius:
1036 2318 1153 2350 ratem
1174 2319 1212 2349 A.
1307 2320 1350 2349 28
1377 2315 1467 2361 qua]

113 2372 205 2404 quas
233 2364 258 2394 B
282 2374 322 2394 m,
341 2375 398 2407 pr.
498 2363 623 2409 iussit]
651 2375 716 2398 om.
739 2366 764 2396 B
784 2375 829 2397 m.
845 2375 904 2407 pr.
