1610 2522
392 84 727 119 HISTORIARUM
754 82 1038 117 ALEXANDRI
1064 82 1107 125 V,
1136 86 1166 116 9.
1376 82 1455 123 137

98 196 261 249 perium
295 193 465 235 interim
499 193 572 234 alii
603 193 742 246 trade,
774 193 845 246 qui
880 195 966 233 tam
998 192 1070 232 diu
1102 206 1174 232 rex
1207 192 1458 245 appelletur,

99 255 232 295 donec
264 253 368 294 Asia
406 253 582 294 decedat
613 252 768 305 hostis,
812 252 950 293 victor
983 251 1133 292 deinde
1166 265 1344 305 regnum
1378 250 1458 290 tibi

98 314 254 355 reddat.
306 312 400 353 Hoc
426 315 566 354 autem
594 312 712 353 brevi
737 314 928 352 futurum
957 312 1066 352 ratio
1092 310 1327 365 promittit:
1354 309 1458 351 Bac·
1487 323 1500 330 ·

98 376 164 413 tra
207 374 366 414 intacta
410 375 526 425 sunt,
570 370 666 413 Indi
699 374 740 412 et
773 370 902 412 Sacae
935 370 979 411 in
1011 373 1085 411 tua
1118 372 1348 424 potestate,
1393 372 1457 409 tot

63 432 264 487 5populi,
307 435 372 472 tot
416 432 644 484 exercitus,
685 433 751 472 tot
795 430 985 484 equitum
1032 429 1308 484 peditumque
1341 429 1460 469 milia

99 491 151 532 ad
190 506 256 532 res
295 491 511 532 novandas
544 491 655 531 vires
687 494 855 545 paratas
888 489 1064 543 habent,
1109 492 1158 529 ut
1190 488 1325 529 maior
1356 488 1458 529 belli

99 550 233 592 moles
279 550 463 604 supersit
508 564 633 604 quam
681 549 887 591 exhausta
919 549 986 590 sit.
1051 548 1162 598 Quid
1194 548 1357 589 ruimus
1392 548 1458 589 be·
1499 562 1504 569 ·

98 611 264 651 luarum
303 610 388 650 ritu
429 610 472 650 in
512 609 741 663 perniciem
773 624 859 650 non
892 608 1202 649 necessariam?
1265 606 1459 648 Fortium

98 669 285 711 virorum
332 672 396 710 est
437 669 573 724 magis
618 672 800 710 mortem
845 671 1114 709 contemnere
1160 682 1287 721 quam
1321 667 1460 708 odisse

46 749 78 771 10
99 729 248 770 vitam:
282 743 406 782 saepe
440 729 580 769 taedio
613 728 773 769 laboris
807 728 858 768 ad
885 727 1095 769 vilitatem
1122 729 1188 768 sui
1215 728 1461 780 conpellun-

99 791 169 829 tur
200 789 354 844 ignavi.
402 788 459 829 At
491 788 600 829 nihil
626 789 761 829 virtus
788 788 1056 841 inexpertum
1084 785 1255 828 omittit.
1301 785 1460 840 Utique

98 849 296 889 ultimum
342 847 535 888 omnium
579 861 695 888 mors
740 850 816 900 est,
867 847 917 887 ad
962 861 1089 900 quam
1127 860 1213 887 non
1246 845 1368 900 pigre
1400 846 1460 886 ire

99 908 201 948 satis
235 911 309 949 est.
360 907 544 948 Proinde
576 907 612 948 si
638 906 803 959 Bactra,
837 905 950 960 quod
982 906 1247 947 tutissimum
1276 907 1461 959 recepta-
1488 935 1505 947 .,

99 968 241 1008 culum
275 970 350 1020 est,
388 967 584 1020 petimus,
621 966 881 1020 praefectum
912 965 1101 1020 regionis
1135 964 1236 1018 eius,
1268 964 1461 1017 Bessum,

45 1043 77 1069 15
98 1041 239 1082 regem
285 1026 489 1092 temporis
531 1027 670 1081 gratia
713 1026 1030 1067 constituamus.
1073 1025 1191 1066 rebus
1227 1024 1461 1078 conpositis

28 1089 74 1125 27
98 1086 211 1126 iusto
254 1085 344 1141 regi
376 1085 455 1126 tibi
488 1085 756 1127 fiduciarmm
788 1086 985 1126 iestituet
1017 1084 1270 1138 imperium?
1334 1082 1462 1124 Haud
1491 1117 1499 1125 ,

99 1144 255 1186 mirum
289 1147 352 1186 est
382 1144 569 1185 Dareum
600 1159 688 1186 non
719 1147 978 1198 temperasse
1010 1143 1165 1197 animo,
1202 1157 1461 1196 quamquam

100 1219 208 1258 eum,
229 1205 384 1258 impiae
404 1205 500 1246 voci
520 1208 726 1258 quantum
747 1204 866 1245 nefas
882 1204 1080 1256 subesset
1099 1202 1273 1244 latebat.
1295 1202 1461 1255 Itaque:

101 1263 384 1317 ‘Pessimum’‚
422 1263 579 1317 inquit7
618 1263 911 1317 ‘mancipium,
954 1261 1181 1317 repperisti
1213 1264 1462 1316 exoptatum

46 1341 80 1365 20
100 1323 180 1364 tibi
212 1326 392 1378 tempus,
427 1338 510 1378 quo
543 1323 819 1377 parricidium
852 1322 1083 1377 ape1·ires'?’
1117 1322 1354 1376 strictoque
1381 1321 1462 1363 aci-

102 1397 204 1425 nace
245 1384 545 1424 interfecturus
591 1398 685 1424 eum
732 1382 973 1434 videbatur,
1016 1382 1060 1422 ni
1093 1395 1273 1436 propere
1305 1380 1462 1422 Bessus

101 1442 415 1496 Bactrianique,
447 1456 564 1495 quase
594 1442 933 1495 deprecaryentui
961 1441 1150 1482 tristium
1177 1441 1330 1495 specie,
1357 1443 1465 1481 cete-

101 1517 208 1554 rum,
241 1502 276 1543 si
309 1505 612 1555 per·severaiet‚
644 1501 828 1542 vincturi
857 1500 1249 1542 circumstetissent.
1299 1499 1464 1540 Nabar-

102 1575 224 1602 zanes
258 1561 428 1603 interim
460 1562 647 1615 elapsus,
688 1575 789 1601 mox
821 1564 862 1602 et
893 1560 1050 1601 Bessus
1083 1562 1146 1600 est
1177 1562 1364 1601 secutus:
1398 1573 1462 1600 co-

48 1637 80 1661 τῇ
102 1620 206 1674 pias,
232 1621 387 1674 quibus
414 1624 648 1674 praeerant,
676 1635 699 1660 a
725 1622 864 1661 cetero
893 1620 1080 1661 exercitu
1103 1619 1295 1660 secedere
1316 1619 1465 1660 iubent

103 1725 171 1759 bus
195 1729 228 1758 1:
257 1725 469 1759 hominibus
491 1728 529 1758 A.
630 1728 685 1759 est
713 1736 777 1759 om.
807 1728 832 1758 B
852 1737 897 1759 m.
914 1737 973 1769 pr.
1073 1723 1310 1769 Auspicium]
1338 1723 1462 1767 auspi-

103 1773 197 1806 tium
224 1777 249 1806 1.
269 1785 313 1807 m..
328 1785 388 1817 pr.
410 1777 446 1806 P.

199 1824 219 1854 4
239 1821 398 1866 intacta]
418 1820 558 1855 intecta
572 1824 607 1855 L.
674 1819 786 1854 Sacae
808 1820 1031 1854 Frobem‘us:
1054 1829 1166 1864 sagae
1181 1822 1220 1852 A.
1282 1821 1301 1851 ss
1321 1829 1379 1852 res
1399 1830 1464 1852 no-

105 1868 243 1901 vandas
259 1869 464 1903 Bentleius:
480 1868 712 1902 renouandas
725 1871 763 1901 A.
816 1871 835 1901 9
852 1867 1103 1912 contemnere]
1116 1868 1378 1909 contempnere
1390 1869 1463 1899 PV.

107 1919 147 1949 11
170 1916 235 1961 At]
257 1915 303 1949 ad
323 1919 396 1948 LV.
472 1915 610 1959 Utique
631 1915 846 1950 Acidalius:
867 1914 994 1958 itaque
1015 1917 1055 1948 A.
1132 1918 1174 1948 12
1195 1913 1302 1958 pigre
1322 1913 1463 1947 Lauer:

104 1963 233 2008 pigere
257 1967 288 2004 G,
310 1963 396 2008 pige
417 1967 442 1996 P
462 1975 506 1996 m.
522 1975 580 2007 pr.
653 1966 695 1996 13
716 1962 867 2008 Bactra]
888 1961 1045 1996 bacthra
1064 1965 1099 1995 P.
1171 1961 1270 2004 quod
1292 1965 1330 1994 C:
1353 1964 1465 2004 quoP

106 2022 148 2044 m.
164 2022 224 2055 pr.
302 2014 344 2044 15
371 2010 493 2055 gratia
513 2012 856 2045 constituamus:
880 2011 1007 2044 rebus
1028 2009 1219 2044 Prohasel:
1241 2008 1403 2053 gratiam
1424 2010 1463 2041 A.

107 2061 149 2092 16
176 2057 391 2092 fiduciariu
402 2069 436 2092 m
457 2058 679 2093 Frobenius:
701 2057 839 2091 fiducia
859 2060 935 2099 BL,
956 2057 1088 2090 fidutia
1107 2059 1214 2089 FPV.
1311 2059 1353 2089 18
1381 2066 1464 2089 eum

105 2106 250 2149 scripsi:
277 2107 355 2139 tam
381 2109 420 2138 A.
525 2106 709 2139 subesset
741 2105 888 2149 I'oyel:
917 2106 1013 2138 esset
1040 2107 1078 2138 A.
1174 2107 1216 2137 19
1243 2102 1383 2148 inquit]
1409 2102 1464 2136 in-

108 2152 197 2195 quid
216 2156 284 2186 LP.
373 2156 417 2185 22
439 2153 570 2196 quasi
593 2153 882 2196 deprecarentur
902 2153 1062 2196 Ieepius:
1092 2151 1405 2195 depraecarentur
1424 2153 1463 2183 A.

108 2203 151 2232 23
185 2199 360 2246 vincturi]
393 2199 531 2234 uicturi
562 2203 622 2233 1¹1,
654 2212 698 2234 m.
726 2211 786 2244 pr.
920 2198 1268 2243 circumstetissent]
1309 2197 1465 2231 circum-

109 2246 292 2281 stitissent
325 2251 356 2281 c.
478 2246 732 2293 Nabarzanes]
756 2246 965 2281 nabazanes
992 2250 1027 2280 P.
1151 2250 1195 2279 24
1229 2247 1286 2278 est
1318 2247 1465 2278 secutus

107 2295 252 2338 scripsi:
289 2296 507 2328 consecutus
540 2297 579 2329 A.
703 2298 746 2328 ‘25
778 2294 991 2339 praeerant]
1027 2293 1250 2338 praeherant
1277 2296 1322 2333 V,
1358 2303 1462 2336 prae-

109 2342 234 2374 erant*
257 2345 292 2375 P.
369 2342 554 2387 secedere]
582 2342 800 2376 *semedere
824 2345 858 2375 P.
935 2341 1078 2386 iubent]
1107 2340 1211 2374 iubet
1238 2343 1262 2372 P
1283 2351 1327 2373 772.
1344 2351 1402 2383 pr.
1424 2342 1464 2372 V.
