1610 2522
133 121 215 160 172
619 123 658 161 Q.
688 120 831 154 CUHTI
861 120 969 154 R-UFI

130 232 347 284 satrapeae
387 228 589 271 Ariorum
634 229 722 283 ipse
762 230 1052 283 praefecisset,
1094 230 1297 271 defecisse
1335 230 1386 271 ab
1427 245 1486 271 eo.

131 289 183 330 It·
173 304 280 343 ¹tque
309 304 566 343 quamquam
594 287 726 329 Besso
754 289 1015 343 imminebat,
1048 292 1190 331 tamen
1222 291 1278 331 ad
1303 288 1489 330 Satibar-

131 364 263 390 zanen
306 348 632 403 oppiimendum
675 348 885 402 praeverti
935 349 1148 403 optimum
1194 351 1310 390 ratus
1351 348 1487 390 levem

131 411 390 449 armaturam
431 411 472 448 et
511 410 728 461 equestres
768 408 912 462 copias
958 408 1100 450 educit
1145 411 1320 462 totaque
1364 411 1489 450 nocte

83 485 91 495 ·
132 468 283 509 itinere
311 470 481 508 strenue
508 467 621 508 facto
643 468 886 521 inprovisus
913 467 1028 509 hosti
1055 467 1312 522 supervenit.
1359 467 1489 508 Cuius
1528 484 1546 509 ε,

132 528 306 583 cognito
335 527 518 568 adventu
546 525 842 568 Satibarzanes
863 541 959 568 cum
987 527 1152 568 duobus
1174 527 1348 568 milibus
1376 526 1488 580 equi-

130 590 222 628 tum
257 611 311 616 ——
339 601 417 627 nec
449 587 592 640 plures
625 585 768 627 subito
802 586 994 627 contrahi
1028 589 1227 640 poterant
1255 612 1307 616 —
1336 586 1490 628 Bactra

61 664 93 689 ⁸:
132 647 335 701 perfugit,
368 646 496 687 ceteri
529 645 749 699 proximos
782 648 949 686 montes
983 649 1309 700 occupaverunt.
1367 645 1491 687 Prae-

131 708 259 760 rupta
291 720 418 759 rupes
452 708 533 758 est,
572 720 654 758 qua
694 707 858 759 spectat
896 705 1175 760 occidentem,
1208 705 1374 759 eadem,
1408 719 1491 759 qua

134 766 272 821 vergit
303 765 355 805 ad
388 765 609 817 orientem,
644 764 804 806 leniore
838 765 1065 806 summissa
1097 765 1297 819 fastigio:
1342 764 1490 806 multis
1512 783 1549 807 ιο

133 825 358 866 arboribus
392 824 531 866 obsita
558 838 786 877 perennem
814 823 944 865 habet
974 824 1151 878 fontem,
1184 838 1233 865 ex
1262 839 1347 878 quo
1375 824 1491 879 large

133 899 267 938 aquae
300 886 485 924 manant.
548 883 763 924 Circuitus
790 884 880 924 eius
907 895 1003 925 XXX
1036 887 1078 925 et
1110 884 1192 925 duo
1227 884 1363 925 stadia
1397 898 1494 925 con-

135 944 372 997 prehendit.
428 942 479 983 In
512 943 669 984 vertice
701 942 903 984 herbidus
938 958 1131 998 campus:
1158 943 1201 984 in
1233 943 1316 985 hoc
1348 942 1492 984 multi-

133 1003 324 1044 tudinem
366 1002 565 1044 inbellem
605 1002 823 1043 considere
863 1002 1022 1043 iubent.
1092 1002 1197 1057 Ipsi,
1243 1017 1326 1056 qua
1364 1016 1491 1057 rupes

134 1063 260 1116 sedit,
315 1062 515 1103 arborum
566 1065 741 1103 truncos
791 1065 831 1102 et
880 1076 982 1103 saxa
1031 1062 1336 1104 obnioliuntur.
1409 1073 1546 1104 XIII15

87 1137 100 1163 2·
134 1122 252 1163 milia
308 1125 472 1162 armata
523 1123 654 1162 erant.
728 1119 779 1161 In
823 1135 1004 1187 quorum
1051 1122 1271 1163 obsidione
1318 1121 1493 1163 Cratero
1514 1124 1568 1160 23

134 1182 286 1224 relicto
319 1181 409 1236 ipse
444 1180 748 1222 Satibarzanen
780 1181 899 1235 sequi
932 1180 1118 1222 festinat.
1170 1180 1241 1235 At,
1273 1181 1373 1235 quia
1404 1180 1494 1221 lon-

136 1242 231 1292 <rius
265 1241 412 1282 abesse
445 1256 538 1281 eum
575 1242 846 1295 cognover,at
878 1240 929 1280 ad
963 1241 1270 1306 expugnandos
1303 1255 1388 1294 eos,
1421 1239 1494 1294 qui

63 1316 106 1344 2·
136 1301 249 1343 edita
288 1300 500 1342 montium
541 1303 862 1354 occupaverant,
900 1300 1020 1341 redit.
1083 1299 1145 1341 Ac
1178 1300 1318 1354 primo
1351 1314 1495 1354 repur-

136 1361 226 1414 gari
259 1360 390 1412 iubet,
423 1359 630 1414 quidquid
663 1359 827 1415 ingredi
855 1362 1044 1413 possent,
1077 1359 1239 1414 deinde,
1271 1362 1318 1400 ut
1352 1373 1492 1401 occur-
1515 1377 1551 1402 ρο

136 1421 285 1461 rebant
319 1420 457 1460 inviae
492 1423 607 1460 cotes
640 1421 980 1472 praeruptaeque
1012 1433 1156 1473 rupes,
1188 1418 1342 1460 inritus
1374 1418 1496 1459 labor

136 1479 359 1521 videbatur
392 1479 590 1520 obstante
622 1481 774 1519 natura
842 1477 932 1530 Ille,
964 1481 1012 1519 ut
1045 1481 1136 1519 erat
1167 1479 1298 1519 animi
1331 1492 1497 1531 semper

137 1538 398 1581 obluctantis
432 1537 772 1590 difficultatibus,
807 1552 902 1578 cum
935 1540 977 1578 et
1009 1538 1208 1593 progredi
1243 1537 1422 1578 arduum
1454 1539 1497 1578 et

136 1599 290 1640 reverti
325 1597 614 1652 periculosum
646 1600 774 1650 esset,
807 1596 1004 1637 versabat
1036 1612 1081 1638 se
1119 1597 1171 1638 ad
1205 1611 1351 1638 omnes
1383 1596 1496 1651 cogi-

137 1659 320 1699 tationes
367 1657 482 1698 aliud
528 1660 656 1710 atque
695 1656 810 1697 aliud
843 1681 899 1685 -
933 1655 992 1697 ita
1036 1659 1083 1697 ut
1122 1657 1210 1697 fieri
1258 1656 1384 1709 solet,
1421 1656 1553 1699 ubi2⁵

136 1719 275 1771 prima
307 1731 499 1770 quaeque
531 1716 781 1757 damnamus
808 1740 865 1745 —
892 1715 1125 1757 subiciente
1159 1717 1311 1757 animo.
1351 1715 1497 1756 Haesi-

137 1777 258 1831 tanti,
309 1776 423 1830 quod
456 1776 565 1817 ratio
605 1790 690 1816 non
723 1776 882 1829 potuit,
921 1775 1096 1816 fortuna
1129 1775 1352 1816 consilium
1401 1775 1496 1816 sub-

66 1852 75 1862 *
136 1836 408 1877 ministravit.
472 1835 713 1875 Vehemens
753 1835 949 1875 favonius
982 1838 1089 1887 erat,
1128 1838 1168 1875 et
1201 1835 1378 1875 multam
1412 1848 1496 1874 ma-

238 1946 249 1974 1
282 1942 476 1984 satrapea«¹
502 1941 649 1983 scripsi:
678 1941 867 1983 satrapem
893 1943 930 1980 P,
956 1939 1173 1983 satrapham
1201 1943 1232 1971 C.
1309 1938 1495 1983 Ariorum]

138 1989 298 2023 oriorum
326 1992 351 2021 P
374 2000 416 2022 m.
433 1999 490 2031 pr.
574 1992 593 2021 2
620 1987 763 2033 tamen]
788 1989 928 2020 tamem
949 1990 984 2019 L.
1075 1987 1130 2020 ad
1155 1987 1239 2020 add.
1272 1986 1496 2020 Vindelimts.

138 2042 157 2069 3
186 2035 387 2081 praeverti]
414 2035 621 2079 praeuertit
647 2038 672 2067 P
692 2046 736 2068 m.
752 2046 813 2079 pr.
914 2038 931 2067 7
961 2033 1146 2079 contrahi]
1178 2033 1321 2067 contrai
1347 2037 1383 2076 P,
1412 2044 1497 2067 con—

138 2095 264 2129 thrahi
284 2098 323 2128 V.
427 2098 466 2127 12
494 2094 664 2138 manant]
686 2095 865 2127 mamant
884 2096 921 2126 P.
1021 2092 1221 2138 Circuitus]
1243 2091 1439 2126 circ'ii‘itus
1459 2097 1497 2126 P.

141 2147 182 2176 14
210 2141 402 2187 inbellem]
438 2142 473 2174 in
509 2140 607 2174 bena
635 2144 660 2173 P
688 2152 730 2174 m.
753 2152 812 2185 pr.
967 2144 1009 2174 15
1037 2139 1134 2174 sedit
1166 2141 1311 2183 scripsi:
1349 2142 1431 2174 erat
1455 2143 1496 2173 Δ.

141 2194 181 2223 17
206 2189 488 2233 Satibarzanen]
512 2187 786 2222 satibarzamen
806 2191 832 2221 P
854 2199 895 2222 m.
911 2199 984 2232 plu,
1006 2187 1238 2221 satibarzane
1254 2191 1279 2220 P
1301 2200 1343 2221 m.
1357 2199 1423 2222 sec.

139 2238 187 2271 At
213 2238 358 2281 scripsi:
391 2239 426 2270 et
454 2239 492 2270 A.
643 2239 684 2269 19
712 2238 986 2279 occupaverant
1024 2236 1253 2270 Vimlelinus:
1291 2245 1498 2279 occupaue-

137 2288 225 2319 runt
251 2288 289 2317 A.
404 2283 612 2328 repurgari]
638 2282 839 2328 repugnari
861 2286 896 2316 P.
1013 2286 1056 2316 <34
1085 2282 1197 2328 esset]
1225 2293 1302 2316 esse
1329 2286 1354 2315 P
1376 2294 1418 2316 m.
1434 2293 1496 2326 pr.

140 2335 183 2366 26
211 2332 447 2376 damnamus]
481 2331 728 2374 dampnamus
759 2333 830 2363 FV.
980 2334 1023 2363 ‘25
1056 2330 1267 2375 materiam]
1301 2329 1497 2364 meteriam

138 2384 163 2412 P
185 2391 226 2413 m.
243 2391 300 2423 pr.
