1610 2522
80 231 98 258 a

57 528 98 556 10

58 706 96 735 11

57 1003 98 1034 13

55 1243 96 1273 14

56 1423 96 1452 Ῑῦ

55 1722 96 1750 16

55 2018 95 2048 17

127 108 182 149 66
633 110 673 148 Q.
701 106 843 141 crim
875 107 981 141 11111

127 217 300 273 fastigio
328 220 399 258 aut
427 216 625 258 credebat
651 232 741 257 esse
768 220 840 258 aut
868 216 980 257 credi
1003 216 1183 258 volebat.
1248 216 1364 272 Ergo
1386 230 1482 258 cum
1503 221 1556 256 80

127 278 198 330 iis,
236 291 343 331 quos
382 276 533 317 ducere
573 291 714 317 secum
757 279 983 327 statuerat,
1032 277 1214 318 secundo
1255 290 1377 317 amne
1416 275 1483 316 de-

126 336 290 377 scendit
323 335 372 376 ad
400 335 609 377 Mareotin
643 335 851 390 paludem.
915 335 980 376 Eo
1014 335 1142 391 legati
1179 334 1482 390 Cyrenensium

127 396 237 436 dona
264 396 445 436 attulere
477 410 623 450 pacem
657 397 709 449 et,
741 398 789 436 ut
822 395 957 436 adiret
984 394 1110 436 urbes
1137 410 1247 448 suas,
1280 397 1483 449 petentes.

126 455 203 496 Ille
255 455 376 497 donis
428 456 614 509 acceptis
665 454 938 508 amicitiaque
990 456 1217 497 coniuncta
1271 454 1484 495 destinata
1522 472 1537 498 5

127 517 277 569 exequi
312 515 461 570 pergit.
526 514 587 555 Ac
621 515 761 569 primo
797 514 969 568 quidem
1013 517 1055 555 et
1087 518 1290 569 sequente
1323 514 1388 555 die
1422 517 1466 556 to

128 574 315 616 lerabilis
349 573 469 615 labor
502 574 617 615 visus
645 574 834 615 nondum
867 577 954 615 tam
984 574 1115 616 vastis
1141 574 1351 628 nudisque
1386 572 1483 614 soli-

126 633 350 675 tudinibus
383 633 523 687 aditis,
557 635 640 674 iam
674 637 815 675 tamen
851 634 985 675 sterili
1021 637 1062 674 et
1095 634 1326 675 emoriente
1358 636 1482 674 terra.

127 694 209 734 Sed
252 697 298 734 ut
344 708 546 748 aperuere
588 708 631 734 se
674 695 811 748 campi
853 695 940 735 alto
984 694 1126 735 obruti
1167 693 1329 747 sabulo,
1370 693 1482 734 haud

127 768 247 795 secus
281 768 407 807 quam
442 753 698 807 profundum
739 768 898 807 aequor
932 754 1111 808 ingressi
1150 756 1305 794 terram
1347 752 1482 794 oculis
1506 770 1537 796 ιο

78 832 86 839 ·
126 814 418 868 requirebant:
451 812 569 854 nulla
602 813 741 866 arbor,
778 812 944 854 nullum
979 814 1084 854 culti
1117 813 1194 854 soli
1232 812 1482 854 occurrebat

126 873 367 928 vestigium.
426 872 551 927 Aqua
578 872 705 913 etiam
734 872 957 926 defecerat,
985 887 1110 927 quam
1139 872 1306 914 utribus
1335 871 1481 914 cameli

126 936 350 987 vexerant,
396 935 437 973 et
482 932 525 972 in
567 932 686 973 arido
733 933 824 974 solo
870 947 917 973 ac
965 932 1129 973 fervido
1173 931 1322 973 sabulo
1365 930 1483 973 nulla

127 995 227 1034 erat.
291 992 358 1033 Ad
385 991 467 1033 hoc
494 991 557 1033 sol
585 992 728 1033 omnia
754 992 1010 1045 incenderat,
1044 992 1237 1046 siccaque
1265 994 1307 1033 et
1333 991 1483 1032 adusta

125 1055 245 1093 erant
279 1066 370 1105 ora,
409 1066 504 1093 cum
545 1054 718 1107 repente
751 1077 807 1081 -—
841 1052 929 1093 sive
970 1051 1073 1093 illud
1114 1051 1286 1093 deorum
1328 1065 1482 1092 munus
1506 1068 1536 1094 15

126 1111 214 1153 sive
259 1126 381 1153 casus
425 1111 510 1152 fuit
556 1136 607 1141 —-
656 1111 864 1153 obductae
915 1112 1031 1153 caelo
1077 1111 1211 1152 nubes
1258 1110 1482 1153 condidere

126 1171 271 1224 solem,
313 1171 464 1227 ingens
497 1174 615 1212 aestu
648 1171 856 1227 fatigatis,
888 1173 1016 1213 etiam
1061 1172 1095 1212 si
1128 1186 1238 1226 aqua
1271 1170 1482 1224 deficeret,

125 1231 344 1272 auxilium.
425 1230 541 1271 Idem
594 1245 711 1284 vero,
762 1234 809 1272 ut
860 1230 1026 1286 largum
1079 1245 1248 1286 quoque
1300 1230 1479 1272 imbrem

126 1294 403 1333 excusserunt
448 1290 677 1345 procellae,
716 1306 793 1345 pro
834 1306 877 1331 se
919 1292 1100 1345 quisque
1139 1290 1334 1344 excipere
1375 1304 1482 1342 eum,

126 1351 296 1405 quidam
345 1351 397 1391 ob
445 1351 560 1392 sitim
608 1350 850 1404 inpotentes
903 1351 965 1391 sui
1013 1365 1084 1391 ore
1130 1364 1298 1405 quoque
1343 1348 1480 1390 hianti
1503 1366 1536 1391 20

124 1413 294 1464 captare
328 1414 569 1464 coeperunt.
633 1409 925 1459 Quadriduum
960 1425 1035 1464 per
1061 1413 1201 1451 vastas
1229 1409 1481 1450 solitudines

127 1470 402 1524 absumptum
448 1473 522 1511 est.
604 1468 779 1524 Iamque
823 1469 937 1511 haud
982 1471 1133 1524 procul
1179 1468 1336 1510 oraculi
1384 1468 1482 1509 sede

125 1529 311 1583 aberant,
339 1543 434 1570 cum
457 1529 683 1584 conplures
711 1529 827 1571 corvi
857 1529 1014 1585 agmini
1040 1532 1284 1570 occurrunt:
1312 1528 1480 1569 modico

126 1590 269 1630 10111111
303 1589 441 1644 prima
473 1590 595 1645 signa
622 1589 919 1630 antecedentes
954 1588 1034 1644 [et]
1069 1589 1195 1630 1110110
1229 1588 1346 1629 11111111
1382 1587 1480 1628 resi-

125 1649 294 1701 debant,
328 1664 421 1689 cum
456 1649 614 1690 lentius
648 1663 799 1705 agmen
833 1649 1059 1702 incederet,
1093 1649 1218 1689 modo
1254 1663 1296 1689 se
1328 1647 1480 1702 pennis
1502 1663 1534 1688 25

125 1708 323 1750 levabant
344 1708 589 1751 ducentium
611 1709 775 1763 iterque
797 1710 1126 1750 monstrantium
1150 1708 1246 1749 ritu.
1292 1707 1477 1747 Tandem
1502 1709 1548 1744 31

124 1768 177 1808 ad
222 1768 364 1809 sedem
410 1772 700 1810 consecratam
745 1768 822 1810 deo
868 1772 1041 1809 ventum
1088 1771 1162 1809 est.
1227 1765 1480 1808 Inmedibile

126 1827 257 1882 dictu,
285 1828 396 1869 inter
421 1831 563 1869 vastas
591 1828 843 1870 solitudines
871 1829 952 1869 sita
980 1827 1165 1881 undique
1192 1825 1480 1868 ambientibus

126 1888 252 1929 ramis
292 1888 362 1928 vix
403 1888 448 1928 in
492 1887 665 1929 densam
705 1887 899 1929 umbram
941 1887 1114 1928 cadente
1159 1886 1246 1927 sole
1288 1888 1479 1926 contecta

124 1950 199 2000 est,
232 1947 442 2000 multique
474 1947 615 1988 fontes
643 1947 839 1989 dulcibus
872 1948 994 2001 aquis
1022 1946 1179 2001 passim
1207 1944 1479 1986 manantibus
1500 1962 1534 1986 30

124 2006 244 2048 alunt
289 2007 429 2047 silvas.
508 2006 619 2048 Caeli
674 2022 843 2061 quoque
894 2007 1001 2048 mira
1053 2006 1298 2060 temperies,
1350 2018 1478 2045 verno

220 2106 239 2134 2
267 2100 312 2134 iis
348 2100 579 2134 Vindelinnxz
621 2100 677 2134 his
711 2103 749 2134 A.
897 2105 916 2134 0
954 2099 1092 2145 pergit]
1125 2098 1269 2143 peregit
1297 2101 1323 2130 F
1352 2110 1395 2131 m.
1422 2109 1477 2141 pr.

127 2153 167 2182 18
190 2147 291 2182 Idem
304 2148 450 2192 scripsi:
473 2148 570 2181 enini
587 2151 624 2181 A.
701 2152 745 2181 :30
766 2147 977 2192 inpotentes
993 2148 1132 2182 Lauer:
1150 2145 1352 2179 inobtentis
1368 2148 1406 2178 A.

124 2195 261 2241 hianti}
294 2195 422 2229 hiante
449 2199 474 2228 L
503 2208 544 2229 m.
572 2208 626 2239 [ιν.
655 2200 679 2229 Ρ
708 2209 748 2229 ηι.
772 2207 830 2240 pr.
955 2200 994 2228 :31
1025 2193 1280 2235 Quadriduum
1312 2197 1352 2226 P:
1390 2204 1479 2236 qua-

123 2243 287 2276 triduum
316 2247 348 2277 c.
448 2247 491 2277 2²2
519 2242 775 2288 absumptum]
803 2245 1006 2277 assumtum
1035 2245 1070 2275 P.
1176 2246 1218 2275 24
1247 2240 1388 2286 volatu]
1418 2251 1478 2274 uo-

124 2326 201 2360 lato
215 2330 240 2359 P
263 2339 304 2359 m.
322 2338 392 2370 lm,
407 2302 532 2360 uolat:
551 2330 585 2360 1..
662 2330 704 2359 203
728 2326 942 2360 (lucentium
960 2326 1124 2370 Hamus:
1147 2324 1355 2358 1-0110111111111
1373 2327 1411 2357 Δ.

124 2374 267 2418 iterque
294 2378 326 2407 1:
354 2375 525 2417 interque
552 2377 589 2407 A.
691 2379 733 2407 2¹8
761 2374 831 2408 sita
860 2374 1070 2408 Acidalius:
1100 2373 1150 2406 ita
1178 2376 1216 2406 Δ.
