1610 2522
502 571 562 636 Q.
600 570 852 624 cunr]
893 570 1079 623 Ruri

606 702 975 741 HISTORIARUM

234 831 915 895 ALEXANDRI
967 832 1117 894 MA
1147 831 1338 895 GNI

621 970 960 1013 MACEDONIS

670 1113 814 1146 LIBER
844 1113 917 1146 VII.

82 1240 94 1273 Ι
205 1235 406 1276 Philotan
442 1235 552 1276 sicut
586 1234 824 1276 recentibus
852 1233 1022 1275 sceleris
1044 1234 1133 1274 eius
1156 1233 1349 1288 vestigiis
1382 1234 1471 1274 iure
1496 1235 1510 1268 l

114 1295 329 1337 adfectum
373 1294 584 1349 supplicio
631 1296 881 1336 censuerant
922 1293 1093 1345 milites,
1136 1293 1211 1346 ita,
1244 1295 1471 1347 postquam

115 1355 296 1396 desierat
329 1369 437 1407 esse7
470 1368 596 1407 quem
630 1353 836 1406 odissent,
876 1352 1031 1394 invidia
1066 1353 1108 1393 in
1141 1351 1470 1393 misericordiam

67 1425 86 1455 2
116 1415 252 1455 vertit.
316 1414 509 1454 Moverat
551 1416 593 1453 et
636 1412 807 1454 claritas
849 1412 1012 1453 iuvenis
1052 1415 1092 1452 et
1124 1412 1258 1465 patris
1291 1411 1381 1452 eius
1414 1426 1474 1452 se-

67 1485 86 1513 3
115 1476 264 1515 nectus
310 1475 436 1527 atque
477 1472 648 1514 orbitas.
712 1472 880 1513 Primus
923 1470 1070 1512 Asiam
1112 1473 1333 1525 aperuerat
1371 1471 1474 1525 regi,
1512 1487 1528 1510 5

117 1533 306 1574 omnium
339 1532 627 1586 periculorum
655 1532 746 1572 eius
770 1530 984 1586 particeps
1017 1545 1184 1584 semper
1216 1531 1397 1571 alterum
1431 1530 1472 1570 in

115 1592 204 1633 acie
243 1606 376 1633 cornu
418 1591 682 1643 defenderat,
724 1590 926 1645 Philippo
969 1604 1141 1644 quoque
1186 1592 1283 1630 ante
1328 1603 1474 1631 omnes

115 1651 276 1692 amicus
311 1654 351 1692 et
383 1651 467 1705 ipsi
488 1651 732 1691 Alexandro
766 1653 852 1691 tam
878 1649 1001 1702 fidus,
1027 1652 1075 1690 ut
1108 1649 1327 1691 occidendi
1354 1648 1475 1689 Atta-

68 1723 90 1752 4
116 1710 204 1751 lum
246 1725 331 1752 non
370 1711 453 1751 alio
497 1710 693 1752 ministro
731 1709 794 1750 uti
834 1708 990 1750 mallet.
1059 1707 1225 1750 Horum
1269 1708 1474 1762 cogitatio

117 1770 289 1811 subibat
323 1770 568 1820 exercitum,
601 1769 912 1823 seditiosaeque
945 1783 1069 1809 voces
1102 1767 1392 1809 referebantur
1423 1767 1475 1807 ad
1497 1786 1529 1807 ω

117 1844 272 1883 regem.
336 1829 439 1878 Quis
479 1829 549 1870 ille
588 1829 701 1870 haud
741 1843 841 1870 sane
878 1831 1019 1869 motus
1059 1828 1246 1881 satisque
1279 1826 1476 1881 prudens,

119 1889 195 1930 otii
230 1889 333 1929 vitia
365 1889 539 1944 negotio
569 1888 736 1941 discuti,
769 1887 908 1940 edicit,
940 1891 988 1928 ut
1009 1901 1153 1928 omnes
1185 1887 1228 1927 in
1262 1885 1474 1927 vestibulo

70 1960 90 1989 ἴ)
117 1948 259 2003 regiae
302 1951 470 2001 praesto
513 1948 610 1988 sint.
675 1947 790 1996 Quos
829 1946 901 1988 ubi
942 1946 1185 2000 frequentes
1227 1945 1371 1986 adesse
1412 1959 1475 1986 co-

118 2007 281 2062 gnovit,
315 2008 357 2048 in
384 2009 627 2048 contionem
658 2007 875 2060 processit.
933 2005 1062 2047 Haud
1088 2005 1213 2046 dubie
1241 2020 1290 2045 ex
1325 2019 1477 2058 conpo-

219 2188 231 2216 1
264 2183 454 2229 Philotan]
483 2182 665 2227 phylotan
687 2185 789 2215 BLP.
891 2187 908 2215 :3
938 2182 1173 2226 censuerant]
1202 2183 1414 2214 cessum-aut
1442 2184 1474 2213 c.

120 2234 139 2263 3
168 2231 348 2276 odissent]
370 2231 559 2266 odiesseut
573 2234 608 2263 P.
679 2234 698 2264 ὁ
721 2230 851 2310 atque}
871 2228 992 2272 adque
1008 2233 1042 2261 L.
1120 2232 1137 2261 7
1161 2228 1255 2271 acie}
1279 2228 1352 2261 atio
1368 2232 1403 2261 P.

119 2278 309 2323 Philippo]
335 2278 517 2322 phylippo
537 2281 643 2311 BLV.
705 2280 724 2310 8
746 2278 835 2311 Atta
854 2278 931 2321 um}
953 2276 1119 2310 adtalum
1140 2280 1175 2309 L.
1238 2279 1256 2309 9
1279 2275 1477 2320 cogitatio]

120 2325 305 2369 cogitacio
332 2329 371 2359 V.
492 2329 533 2359 10
562 2325 854 2369 seditiosaeque}
881 2324 1159 2368 scdiciosaeque
1188 2327 1225 2356 V.
1347 2326 1387 2356 12
1415 2333 1477 2356 ne-

120 2374 238 2418 gotio}
266 2374 415 2418 negotia
444 2377 478 2406 P.
582 2376 622 2407 13
651 2373 795 2418 adesso]
825 2372 953 2406 abesse
980 2375 1014 2404 P.
