1610 2522
56 472 69 496 5

36 770 70 793 10

36 1066 69 1090 15

19 1110 68 1145 23

37 1362 69 1386 20

36 1658 68 1682 25

320 108 653 142 HISTORIARUM
680 108 962 142 ALEXANDRI
991 109 1101 152 VIIII,
1129 113 1159 142 5.
1184 113 1213 143 6.
1359 109 1444 150 329

90 217 148 258 ris
191 220 353 258 motum
395 218 570 258 noxium
612 218 715 258 fore.
777 216 868 258 Rex
910 232 1005 257 cum
1039 217 1305 258 adfirmasset
1338 218 1445 259 nihil
1471 229 1516 260 28

92 291 199 330 opus
233 291 323 317 esse
355 277 419 330 iis,
452 277 524 330 qui
557 279 690 317 semet
721 277 999 330 continerent,
1026 277 1136 318 sicut
1168 280 1443 331 praeceptum

91 339 199 389 erat,
241 337 330 376 sine
362 339 482 377 motu
515 336 711 390 praebuit
743 350 908 390 corpus.
971 335 1110 392 Igitur
1141 337 1354 390 patefacto
1387 338 1446 378 la·

92 396 176 436 tius
221 395 393 436 vulnere
437 398 478 436 et
523 395 688 450 spiculo
733 396 877 436 evolso
923 396 1072 451 ingens
1116 396 1180 436 vis
1226 397 1445 450 sanguinis

91 469 261 495 manare
299 455 438 508 coepit
476 454 698 508 linquique
736 456 878 495 animo
916 469 989 495 rex
1023 458 1064 495 et
1096 454 1277 510 caligine
1310 456 1444 497 oculis

92 514 228 554 offusa
259 514 376 555 velut
407 514 686 555 moribundus
720 514 900 555 extendi.
965 514 1157 568 Cumque
1186 515 1443 568 profluvium
1473 527 1516 557 29

90 573 408 615 medicamentis
450 574 607 614 frustra
647 573 908 628 inhiberent,
954 573 1115 615 clamor
1153 575 1280 615 simul
1318 578 1446 628 atque

91 634 280 686 ploratus
315 633 545 674 amicorum
580 633 715 673 oritur
746 648 889 688 regem
922 634 1136 687 expirasse
1169 634 1444 675 credentium.

90 691 278 732 Tandem
314 693 507 733 constitit
532 693 716 748 sanguis,
749 693 1042 746 paulatimque
1069 694 1258 734 animum
1285 695 1447 748 recepit

89 754 132 791 et
175 752 497 793 circumstantes
543 753 683 806 coepit
727 766 968 807 agnoscere.
1043 752 1151 793 Toto
1197 767 1246 794 eo
1293 753 1360 794 die
1398 767 1444 805 ac
1473 764 1517 795 30

89 813 232 863 nocte,
275 826 381 864 quae
420 814 563 852 secuta
595 814 675 864 est,
717 815 904 852 armatus
939 813 1146 853 exercitus
1179 812 1341 867 regiam
1374 813 1444 853 ob-

90 870 199 910 sedit
231 872 449 911 confessus
483 885 628 911 omnes
662 871 787 911 unius
820 871 973 924 spiritu
1006 872 1159 912 Vivere.
1209 871 1300 913 Nec
1327 873 1445 926 prius

89 934 364 982 reoesserunt,
406 944 530 983 quam
566 933 816 984 conpertum
851 934 914 971 est
946 939 1108 972 somno'
1129 931 1346 985 paulisper
1378 932 1445 972 ad-

91 989 316 1042 quiescere.
380 989 491 1030 Hinc
521 990 742 1031 certiorem
776 1005 893 1043 spem
927 991 1076 1031 salutis
1109 991 1199 1031 eius
1234 991 1277 1031 in
1310 994 1446 1032 castra

89 1049 356 1089 rettulerunt.

178 1107 270 1148 Rex
296 1120 360 1148 VH
394 1107 541 1149 diebus
575 1111 721 1149 curato
755 1109 927 1149 Vulnere
959 1109 1141 1149 necdum
1175 1110 1359 1151 obducta
1390 1110 1444 1151 ci—
1467 1113 1517 1148 VI

91 1167 256 1220 catrice,
289 1182 384 1208 cum
412 1167 599 1208 audisset
626 1167 891 1209 convaluisse
918 1168 1031 1222 apud
1056 1168 1259 1209 barbaros
1286 1170 1443 1210 famam

90 1227 238 1267 mortis
272 1241 381 1280 suae,
415 1226 580 1268 duobus
612 1228 795 1283 navigiis
829 1228 984 1269 iunctis
1018 1229 1148 1268 statui
1181 1229 1223 1269 in
1257 1229 1445 1270 medium

89 1286 275 1339 undique
321 1287 597 1340 conspicuum
644 1287 962 1328 tabernaculum
1008 1288 1148 1341 iussit,
1194 1303 1244 1328 ex
1284 1303 1368 1342 quo
1402 1302 1445 1329 se

91 1345 330 1386 ostenderet
362 1346 520 1399 perisse
554 1346 834 1400 credentibus,
877 1350 1213 1401 conspectusque
1247 1347 1298 1387 ab
1333 1348 1445 1389 inco-

89 1404 141 1444 lis
175 1419 290 1458 spem
324 1404 512 1445 hostium
539 1405 645 1446 falso
672 1405 823 1446 nuntio
852 1410 1100 1460 conceptam
1128 1407 1326 1448 inhibuit.
1377 1406 1446 1447 Se-

90 1463 227 1504 cundo
274 1463 423 1504 deinde
467 1479 590 1505 amne
636 1465 812 1506 defluxit
855 1466 1122 1519 aliquantum
1171 1467 1381 1508 intervalli
1422 1481 1445 1506 a

90 1526 227 1563 cetera
265 1522 396 1563 classe
434 1524 715 1577 praecipiens,
758 1539 811 1565 ne
850 1525 969 1578 quies
1010 1526 1274 1579 perinvalido
1308 1526 1445 1566 adhuc

89 1583 325 1622 necessaria
357 1582 484 1636 pulsu
515 1597 727 1624 remorum
761 1584 1033 1637 inpediretur.

180 1640 355 1690 Quarto.
398 1645 625 1696 postquam
663 1644 863 1698 navigare
897 1648 1107 1698 coeperat,
1153 1645 1218 1685 die
1250 1645 1445 1698 pervenit

90 1701 133 1740 in
166 1701 383 1755 regionem
418 1701 624 1742 desertam
654 1703 823 1756 quidem
854 1703 905 1743 ab
935 1703 1096 1757 incolis,
1130 1704 1202 1744 sed
1228 1704 1443 1745 frumento

90 1763 131 1800 et
162 1760 387 1813 pecoribus
420 1761 717 1802 abundantem.
769 1762 935 1803 Placuit
969 1763 1003 1803 is
1031 1764 1150 1804 locus
1178 1766 1219 1804 et
1246 1763 1298 1803 ad
1325 1778 1444 1804 suam

89 1822 130 1858 et
169 1819 219 1859 ad
261 1819 445 1860 militum
478 1821 678 1874 requiem.
742 1820 836 1862 Mos
870 1824 960 1863 erat
992 1822 1256 1876 principibus
1289 1823 1443 1863 amico-

87 1892 181 1918 rum
216 1881 257 1918 et
291 1879 536 1920 custodibus
570 1880 759 1934 corporis
792 1881 1000 1923 excubare
1038 1885 1135 1922 ante
1168 1882 1444 1936 praetorium,

185 1986 204 2016 2
232 1983 291 2029 iis]
319 1984 349 2017 is
377 1987 413 2017 F.
522 1987 541 2016 3
568 1983 696 2030 latius]
724 1984 841 2019 lacius
868 1989 906 2019 V.
1016 1990 1036 2019 4
1064 1986 1202 2032 evolso]
1230 1986 1358 2020 euulso
1385 1990 1444 2019 FL

88 2041 133 2064 m.
154 2042 213 2074 pr.
325 2036 344 2064 5
373 2031 509 2076 coepit]
537 2032 636 2076 cepit
661 2036 730 2066 FP.
838 2037 857 2067 6
886 2032 1017 2079 offusa]
1045 2033 1163 2067 effusa
1187 2038 1222 2067 P.
1329 2033 1442 2080 velut]

88 2076 199 2110 uelud
231 2081 268 2119 P,
307 2078 424 2112 ueluti
458 2082 484 2111 F
518 2090 560 2112 m.
590 2091 647 2123 pr.
679 2083 719 2114 V.
892 2084 909 2113 7
943 2082 1069 2126 atque]
1105 2081 1226 2125 adque
1259 2085 1284 2114 F
1315 2093 1360 2116 m.
1381 2093 1441 2126 pr.

91 2127 133 2158 10
161 2125 297 2170 coepit]
327 2126 426 2170 cepit
453 2129 521 2159 FP.
606 2131 647 2161 11
675 2127 832 2173 regiam]
860 2128 1017 2173 reigiam
1043 2133 1078 2162 L.
1162 2133 1204 2162 14
1232 2129 1441 2174 certiorem]

90 2172 287 2206 cerciorem
313 2177 352 2207 V.
472 2177 513 2207 15
539 2174 765 2208 rettulerunt
790 2179 822 2209 1:
850 2176 1058 2209 retulerunt
1083 2179 1122 2209 A.
1241 2181 1283 2209 1⁴3
1311 2176 1441 2222 statui]

89 2219 222 2252 statuit
247 2223 323 2261 FP,
351 2220 489 2254 statui*
517 2223 586 2254 BL.
663 2225 706 2255 22
734 2223 855 2268 amne]
883 2233 979 2257 anne
999 2226 1024 2255 B
1045 2235 1163 2268 mpr.
1241 2228 1283 2257 -25
1312 2234 1442 2267 coepe-

88 2266 160 2310 rat]
189 2269 338 2310 ceperat
363 2271 431 2302 FP.
563 2272 605 2302 27
634 2269 901 2315 abundantem]
930 2270 1211 2304 habundantem
1237 2275 1271 2304 P.
1394 2271 1440 2316 is]

88 2313 146 2346 his
173 2317 199 2345 F
221 2325 262 2347 m.
281 2326 338 2357 pr.
359 2318 393 2348 P.
493 2327 597 2349 suam
625 2316 674 2361 et]
703 2319 740 2351 et
765 2328 831 2351 om.
853 2321 878 2350 P
901 2330 942 2351 m.
958 2330 1016 2361 pr.
1124 2322 1167 2351 28
1194 2318 1441 2364 principibus]

88 2360 278 2403 princibus
304 2365 338 2394 P.

1472 1418 1491 1448 2

1473 1656 1492 1685 3

1471 1836 1491 1864 4
