1610 2522
68 294 110 323 22

66 590 110 620 23

67 1005 111 1035 25

68 1243 111 1273 26

68 1421 86 1450 Ν)

94 1421 110 1450 «1

68 1717 111 1748 28

139 114 226 154 340
648 114 688 156 Q.
716 113 859 148 CURTI
886 114 998 148 RUFI

137 226 309 264 cautum
343 226 383 263 et
417 223 686 263 temerarium
724 237 862 275 regen]
899 223 1037 276 excipi
1070 237 1207 277 posse.
1272 222 1354 263 Sed
1386 223 1497 264 forte

139 283 250 323 inter
282 283 629 336 promptissimos
663 282 869 323 dimicans
904 283 1088 323 intactus
1121 285 1322 324 evaserat.
1377 281 1497 324 Prae-

137 343 261 396 cipue
283 341 565 395 Ptolomaeus,
589 341 708 383 laevo
736 341 914 382 humero
942 341 1091 382 leviter
1118 341 1286 395 quidem
1315 342 1496 394 saucius,

138 401 209 441 sed
242 401 403 442 maiore
434 401 622 455 periculo
651 415 777 455 quam
806 400 979 442 vulnere
1006 401 1210 454 adfectus,
1245 401 1356 456 regis
1383 401 1498 442 solli-

137 460 369 501 citudinem
404 460 446 500 in
473 475 517 501 se
545 463 822 501 converterat.
875 458 1089 513 Sanguine
1117 461 1369 502 coniunctus
1396 463 1497 512 erat,
1536 479 1551 503 5

138 522 179 560 et
213 519 382 573 quidam
415 519 616 573 Philippo
650 520 843 574 genitum
877 534 967 560 esse
1001 519 1247 560 credebant:
1281 523 1393 561 certe
1429 534 1496 573 pe-

137 579 217 620 lice
251 579 339 619 eius
371 581 510 620 ortum
541 579 774 620 constabat.
827 577 942 619 Idem
971 580 1160 632 corporis
1188 582 1331 620 custos
1360 593 1498 633 prom-

137 639 446 692 ptissimusque
489 638 670 680 bellator
711 641 752 679 et
794 639 908 692 pacis
951 638 1114 679 artibus
1155 653 1281 692 quam
1321 639 1498 679 militiae

139 698 274 738 maior
312 702 353 738 et
391 697 560 739 clarior:
604 697 772 738 modico
814 697 1014 751 civilique
1054 698 1183 751 cultu,
1222 697 1410 739 liberalis
1438 697 1499 738 in-

137 757 289 811 primis
323 756 526 811 adituque
559 757 673 799 facili
708 757 817 797 nihil
850 771 899 798 ex
932 758 1045 797 fastu
1081 758 1220 811 regiae
1253 757 1497 810 adsumpse-
1520 775 1552 800 ιο

67 832 75 842 ⁸
138 820 213 857 rat.
277 814 342 857 Ob
382 816 487 857 haec
528 816 616 871 regi
652 831 704 857 an
737 816 1022 870 popularibus
1056 817 1193 858 carior
1225 819 1347 869 esset,
1380 816 1496 857 dubi-

138 877 220 916 tari
241 879 426 929 poterat:
454 879 546 916 tum
567 879 680 917 certe
700 877 884 929 primum
906 879 1104 929 expertus
1127 890 1300 916 suorum
1323 877 1499 930 animos,

139 935 242 976 adeo
286 938 333 976 ut
375 935 611 989 fortunam,
657 936 701 976 in
742 950 866 989 quam
908 940 1056 989 postea
1096 935 1303 988 ascendit,
1348 936 1388 976 in
1424 935 1498 977 illo

138 994 328 1049 periculo
372 994 625 1036 Macedones
669 994 846 1035 ominati
891 1009 981 1036 esse
1027 994 1259 1035 videantur.
1331 993 1499 1048 Quippe

137 1069 225 1095 non
266 1054 402 1095 levior
443 1055 528 1095 illis
563 1054 799 1096 Ptolomaei
839 1054 922 1094 fuit
960 1068 1059 1094 cura
1092 1069 1219 1108 quam
1252 1054 1353 1109 regi.
1417 1052 1498 1103 Qui
1520 1071 1552 1097 15

139 1116 180 1154 et
213 1113 376 1167 proelio
410 1117 452 1154 et
485 1114 775 1155 sollicitudine
800 1113 1006 1168 fatigatus
1033 1127 1127 1154 cum
1151 1113 1400 1154 Ptolomaeo
1431 1113 1499 1154 ad-

140 1172 306 1224 sideret,
339 1173 508 1216 lectum,
542 1173 584 1213 in
619 1188 703 1227 quo
737 1174 826 1227 ipse
855 1173 1155 1227 adquiesceret,
1189 1172 1314 1213 iussit
1341 1172 1499 1214 inferri.

139 1231 187 1273 In
235 1246 359 1286 quem
403 1235 450 1273 ut
492 1246 534 1273 se
574 1233 752 1286 recepit,
797 1232 992 1285 protinus
1026 1232 1153 1273 altior
1186 1232 1402 1273 insecutus
1436 1235 1500 1273 est

138 1306 323 1332 somnus.
374 1290 443 1332 Ex
477 1306 560 1345 quo
595 1293 805 1333 excitatus
838 1306 914 1345 per
947 1291 1131 1345 quietem
1165 1292 1322 1332 vidisse
1355 1306 1398 1332 se
1430 1306 1498 1332 ex-

139 1352 261 1405 ponit
302 1351 485 1405 speciem
527 1351 721 1392 draconis
760 1351 946 1392 oblatam
986 1350 1161 1391 herbam
1203 1351 1380 1391 ferentis
1417 1364 1500 1402 ore,
1520 1368 1554 1394 20

140 1425 267 1464 quam
296 1412 445 1451 venem
472 1411 706 1452 remedium
734 1425 825 1450 esse
852 1413 1151 1451 monstrasset:
1184 1411 1370 1451 colorem
1397 1425 1500 1464 quo-

139 1484 220 1523 que
265 1469 421 1511 herbae
465 1471 675 1511 referebat
714 1471 978 1525 agniturum,
1025 1470 1059 1510 si
1103 1470 1199 1523 quis
1230 1470 1501 1523 repperisset,

138 1529 379 1570 adfirmans.
430 1528 652 1570 Inventam
687 1529 837 1570 deinde
868 1555 913 1557 —
948 1530 1106 1583 quippe
1139 1544 1162 1569 a
1195 1529 1342 1570 multis
1369 1529 1497 1570 simul

138 1592 227 1629 erat
259 1589 466 1642 requisita
499 1613 555 1617 —
589 1589 753 1630 vulneri
787 1589 996 1642 inposuit,
1037 1588 1320 1642 protinusque
1354 1588 1500 1629 dolore

138 1648 261 1688 finito
296 1649 407 1688 intra
440 1648 566 1689 breve
599 1648 786 1702 spatium
814 1648 988 1690 cicatrix
1018 1662 1186 1701 quoque
1213 1647 1398 1688 obducta
1424 1650 1499 1688 est.
1520 1664 1552 1689 25

139 1707 350 1748 Barbaros
384 1710 432 1748 ut
465 1708 604 1761 prima
637 1722 733 1762 spes
765 1707 995 1760 fefellerat,
1040 1721 1082 1748 se
1116 1708 1231 1760 ipsos
1265 1706 1499 1760 urbemque

138 1766 401 1807 dediderunt.

228 1824 339 1866 Hinc
371 1826 415 1866 in
442 1827 680 1879 proximam
709 1829 879 1881 gentem
900 1826 1112 1866 Patalium
1143 1828 1394 1879 perventum
1422 1828 1496 1866 est.
1519 1827 1568 1863 34

236 1947 251 1977 1
272 1942 342 1977 Sed
361 1943 559 1977 Kznchius:
577 1944 613 1976 et
627 1946 666 1976 A.
743 1947 761 1976 2
779 1942 957 1987 intactus]
973 1944 1094 1976 tactus
1110 1945 1134 1974 B
1152 1954 1260 1986 impr.
1337 1944 1356 1975 3
1375 1940 1496 1975 Ptolo-

137 2001 264 2024 maeus
284 1991 429 2034 scripsi:
457 1989 666 2033 ptolomeus
689 1993 768 2031 Bv,
791 1990 1025 2034 ptholomeus
1046 1993 1140 2022 FLP
1227 1988 1390 2034 saucius]
1412 1999 1495 2022 sau-

137 2038 213 2072 tius
228 2042 262 2072 L.
339 2042 359 2071 4
381 2037 495 2083 regis]
515 2037 594 2081 regi
610 2041 644 2070 P.
715 2042 735 2071 6
757 2036 1142 2082 Philippo]phylippo
1157 2040 1261 2069 FLV.
1332 2040 1352 2070 8
1374 2036 1495 2082 pacis]

138 2085 266 2130 paucis
288 2089 323 2118 P.
403 2091 440 2118 11
471 2085 605 2130 carior]
627 2084 761 2118 clarior
781 2088 808 2117 V
831 2097 872 2118 m.
894 2096 951 2128 pr.
1031 2088 1072 2118 13
1094 2084 1204 2129 adeo]
1225 2086 1309 2117 ateo
1330 2087 1355 2116 P
1376 2095 1419 2117 m.
1437 2095 1495 2128 pr.

141 2137 182 2166 15
210 2132 416 2166 Ptolomaei
437 2133 584 2177 scripsi:
612 2131 818 2176 ptholomei
843 2135 872 2164 A
898 2131 1092 2176 [ptolomei
1112 2131 1168 2175 Ὃ]
1244 2131 1322 2175 regi
1347 2131 1497 2165 Freins-

137 2181 291 2215 hemius:
320 2180 416 2224 regis
445 2183 482 2213 A.
576 2183 617 2213 16
647 2178 861 2213 Ptolomaeo
886 2180 1034 2223 scripsi:
1061 2177 1274 2222 ptholomeo
1302 2181 1331 2211 A
1358 2178 1498 2223 [ptolo-

139 2238 220 2261 meo
248 2228 303 2272 V].
417 2231 459 2261 18
487 2226 642 2272 rec-epit]
670 2227 804 2270 recipit
829 2230 863 2260 P.
982 2225 1188 2271 insecutus]
1215 2226 1435 2269 insequutus
1461 2229 1496 2259 P.

141 2280 182 2308 19
210 2276 290 2319 per]
321 2287 340 2316 p
361 2279 396 2308 P.
481 2279 524 2308 24
551 2274 695 2308 vulneri
716 2273 897 2319 inposuit]
918 2274 1004 2308 haec
1025 2274 1127 2308 verba
1157 2274 1192 2306 in
1215 2277 1239 2305 P
1266 2278 1350 2308 ante
1369 2273 1498 2306 Inven-

139 2325 215 2355 13111
244 2326 303 2359 (rs.
326 2326 384 2356 231
410 2323 642 2357 collocantur.
743 2326 785 2355 -25
814 2321 993 2366 spatium]
1022 2321 1189 2365 spacium
1210 2324 1282 2354 PV.
1376 2324 1418 2353 26
1445 2320 1498 2354 fe-

139 2369 302 2415 fellerat]
331 2369 512 2404 fefelleret
533 2373 558 2402 L
580 2382 622 2403 m.
638 2381 697 2414 pr.
793 2374 835 2403 28
857 2368 1044 2402 Patalium
1070 2369 1217 2412 scripsi:
1246 2367 1430 2401 Pataliam
1456 2371 1496 2401 A.
