1610 2522
100 619 118 647 (ἰ

74 1634 115 1662 10

150 82 235 121 232
653 81 692 124 Q.
721 82 863 116 culi-TI
892 82 1003 116 RUFI

149 191 382 245 profundae
422 191 518 232 inde
558 191 687 232 silvae
727 194 952 246 vastaeque
992 191 1242 233 solitudines
1274 193 1500 247 excipiunt.

154 250 311 291 Rursus
349 265 456 304 quae
489 249 649 292 Tanain
685 253 724 291 et
758 250 911 291 Bactra
950 254 1160 305 spectant,
1194 252 1378 294 humano
1418 252 1502 294 cul-

150 314 195 350 tu
241 309 354 351 haud
400 310 582 363 disparia
628 313 728 351 sunt
771 310 932 364 primis.
1009 309 1113 352 Cum
1147 310 1227 354 hac
1259 314 1385 368 gente
1417 326 1503 354 non

149 370 368 423 provisum
397 369 555 411 bellum
579 369 819 410 Alexander
845 373 1054 425 gesturus,
1082 385 1175 411 cum
1205 371 1248 411 in
1271 374 1501 426 conspectu

148 429 237 469 eius
271 429 541 483 obequitaret
574 429 721 481 hostis,
755 428 892 470 adhuc
925 444 1050 484 aeger
1081 444 1131 470 ex
1164 430 1350 484 vulnere,
1384 446 1501 485 prae·
1541 449 1555 474 5

149 488 271 541 cipue
303 502 406 530 voce
439 488 650 541 deficiens,
691 503 816 542 quam
850 491 891 529 et
924 489 1114 530 modicus
1147 490 1267 531 cibus
1300 493 1340 531 et
1374 491 1502 532 cervi·

148 548 206 587 cis
251 547 507 589 extenuabat
553 547 690 600 dolor,
735 549 895 589 amicos
948 549 990 589 in
1035 549 1259 590 consilium
1305 550 1502 592 advocari

149 607 275 648 iubet.
342 606 545 648 Terrebat
590 622 685 648 eum
725 622 811 648 non
849 608 1004 661 hostis,
1050 608 1122 650 sed
1160 609 1363 663 iniquitas
1402 612 1503 651 tem-

147 667 278 720 poris:
312 666 527 708 Bactriani
562 667 813 720 defecerant,
851 667 1034 721 Scythae
1067 669 1193 709 etiam
1226 668 1502 724 lacessebant,

148 727 236 779 ipse
270 741 353 767 non
388 726 582 767 insistere
615 728 659 768 in
686 729 808 780 terra,
840 741 925 768 non
952 742 1060 781 equo
1088 727 1197 781 vehi,
1230 742 1315 770 non
1341 728 1502 782 docere,
1523 749 1556 773 10

144 800 231 826 non
263 785 424 827 hortari
467 801 566 827 suos
599 789 777 840 poterat.
841 786 1033 840 Ancipiti
1060 787 1248 841 periculo
1283 787 1501 843 inplicitus

146 845 245 886 deos
292 860 461 900 quoque
505 846 703 887 incusans
749 846 1022 900 querebatur,
1067 861 1110 888 se
1150 847 1284 888 iacere
1318 861 1501 903 segnem,

146 905 266 946 cuius
312 904 581 947 velocitatem
625 920 750 946 nemo
792 909 915 947 antea
953 905 1158 947 valuisset
1190 907 1391 962 effugere:
1430 907 1502 948 vix

146 978 244 1005 suos
290 965 457 1006 credere
501 979 587 1006 non
632 964 822 1006 simulari
867 965 1157 1006 valitudinem.
1220 965 1388 1020 Itaque,
1429 968 1500 1019 qui
1521 973 1571 1008 30

145 1026 243 1078 post
270 1024 456 1065 Dareum
491 1025 650 1066 victum
683 1024 870 1065 hariolos
903 1028 944 1066 et
976 1028 1094 1066 vates
1127 1026 1346 1067 consulere
1372 1026 1501 1068 desie-
1523 1046 1554 1071 15

144 1087 220 1136 rat,
253 1098 398 1125 rursus
425 1084 477 1124 ad
505 1084 862 1138 superstitionem,
894 1084 1175 1126 humanarum
1208 1085 1413 1126 mentium
1440 1085 1501 1127 lu-

145 1143 341 1196 dibrium,
375 1143 592 1185 revolutus
620 1143 933 1197 Aristandrum,
966 1144 1033 1185 cui
1061 1144 1354 1186 credulitatem
1381 1159 1500 1186 suam

145 1202 381 1255 addixerat,
427 1202 648 1257 explorare
694 1206 891 1244 eventum
936 1218 1076 1245 rerum
1120 1204 1337 1245 sacrificiis
1371 1204 1500 1246 iubet.

144 1262 238 1303 Mos
272 1265 361 1303 erat
392 1262 691 1317 haruspicibus
719 1265 817 1303 exta
843 1263 932 1304 sine
959 1277 1056 1318 rege
1084 1266 1276 1318 spectare
1309 1267 1362 1317 et,
1394 1278 1500 1318 quae

97 1336 103 1351 ¹
144 1321 509 1376 portenderentur,
542 1322 708 1364 referre.
760 1321 874 1363 Inter
906 1322 1010 1364 haec
1042 1337 1127 1375 rex,
1159 1322 1257 1363 dum
1285 1323 1404 1365 fibris
1431 1338 1500 1378 pe·
1522 1344 1555 1369 ρο

144 1381 297 1423 cudum
342 1383 620 1435 explorantur
658 1385 834 1422 eventus
866 1383 1089 1423 latentium
1123 1397 1280 1436 rerum,
1325 1383 1500 1437 propius

144 1440 283 1495 ipsum
306 1441 523 1482 considere
539 1441 587 1482 de
609 1441 817 1483 industria
832 1441 990 1482 amicos
1012 1441 1142 1494 iubet,
1163 1456 1214 1483 ne
1231 1443 1500 1484 contentione

143 1500 259 1541 vocis
286 1501 525 1542 cicatricem
552 1501 763 1542 infirmam
790 1501 929 1542 adhuc
956 1504 1182 1555 rumperet.
1239 1501 1499 1556 Hephaestio

143 1563 179 1600 ct
201 1560 398 1601 Craterus
427 1564 468 1602 et
488 1559 691 1615 Erigyius
726 1563 845 1601 erant
878 1575 973 1602 cum
1008 1560 1257 1601 custodibus
1289 1563 1332 1601 in
1364 1561 1499 1603 taber-

143 1620 339 1660 naculum
383 1620 569 1661 admissi.
635 1619 919 1673 ‘Discrimen',
964 1620 1115 1674 inquit,
1162 1620 1243 1661 ‘me
1277 1620 1498 1674 occupavit
1520 1640 1552 1665 25

240 1776 256 1805 1
286 1772 491 1819 excipiunt]
526 1773 704 1817 excipunt
728 1776 766 1806 V.
887 1778 905 1806 2
933 1772 1077 1807 Tanain
1104 1776 1145 1807 P:
1181 1775 1217 1807 et
1243 1773 1371 1807 tanain
1399 1777 1420 1806 c
1447 1773 1499 1819 [et

143 1819 285 1853 tanaim
306 1821 361 1866 V]
437 1821 625 1866 spectant]
653 1822 851 1864 expectant
872 1825 904 1854 c.
981 1824 1000 1854 3
1028 1820 1143 1866 haud]
1171 1821 1235 1854 aut
1254 1824 1293 1853 V.
1368 1820 1498 1864 primis

143 1869 348 1902 Bnntleias:
371 1867 512 1911 primus
527 1871 566 1902 A.
638 1872 654 1901 Τ
678 1868 918 1913 extenuabat]
936 1868 1161 1902 extenuebat
1177 1872 1208 1901 c.
1284 1872 1303 1901 9
1321 1867 1496 1913 Scythae]

143 1915 284 1949 scithae
313 1920 334 1948 c
362 1915 494 1961 [scit-ae
515 1916 571 1961 V]
649 1920 688 1949 11
719 1915 874 1961 hortari]
903 1915 1016 1950 ortari
1036 1919 1075 1949 V.
1162 1919 1204 1948 12
1232 1915 1421 1961 incusans]
1442 1915 1497 1949 in-

143 1964 274 1997 cusant
299 1965 324 1996 B
346 1975 389 1997 m.
405 1974 464 2007 pr.
544 1960 585 1997 14
612 1963 756 2007 Itaque,
782 1964 857 2007 qai
882 1964 1028 2007 scripsi:
1057 1963 1184 2007 itaque
1211 1966 1249 1996 A.
1327 1967 1368 1996 15
1396 1964 1496 2008 post]

142 2012 227 2054 past
253 2014 288 2044 P.
396 2010 560 2045 hariolos
588 2014 618 2044 1:
650 2010 785 2045 ariolos
812 2014 850 2045 A.
954 2014 994 2044 16
1022 2010 1201 2045 mentium
1230 2011 1380 2044 Iunius:
1409 2022 1495 2055 gen-

142 2058 236 2091 tium
266 2061 303 2091 A.
390 2057 594 2092 ludibrium
621 2059 765 2103 scripsi:
800 2057 962 2092 ludibrio
989 2061 1028 2091 A.
1119 2061 1159 2091 17
1187 2058 1448 2091 Aristandrum
1462 2061 1494 2091 1:

143 2105 393 2139 aristrandum
407 2109 447 2139 A.
535 2105 811 2151 credulitatem]
833 2105 1095 2139 crudelitatem
1110 2109 1146 2138 F.
1236 2108 1277 2139 18
1300 2105 1496 2140 addixerat

143 2154 284 2188 Lauer:
318 2153 523 2187 adduxerat
550 2156 588 2186 A.
676 2156 717 2187 19
745 2154 839 2199 erat]
867 2164 931 2187 om.
954 2156 992 2186 V.
1016 2164 1132 2197 impr.
1218 2152 1494 2198 haruspicibus]

141 2200 373 2244 aruspicibus
400 2205 472 2234 PV.
584 2204 753 2245 spectare
779 2204 811 2234 1:
845 2202 1055 2244 respectare
1082 2203 1110 2233 A
1137 2200 1190 2245 [re
1218 2203 1413 2244 expecta-re
1439 2200 1492 2246 F].

142 2252 183 2282 ⁵21
201 2248 354 2292 propius
370 2249 591 2283 Frobem'us:
607 2249 709 2293 prius
727 2251 764 2282 A.
827 2252 869 2282 ‘22
886 2248 931 2281 de
946 2247 1127 2282 industria
1143 2248 1288 2292 scripsi:
1305 2247 1440 2282 deinde
1453 2251 1493 2282 A.

142 2299 184 2329 23
212 2295 439 2340 Hephaestio
460 2297 669 2340 Zamptius:
697 2296 865 2340 ephestio
887 2299 926 2329 A.
1014 2298 1057 2328 24
1085 2299 1122 2329 et
1149 2293 1320 2329 Craterus
1346 2295 1492 2340 scripsi:

142 2345 306 2377 craterus
333 2347 372 2377 A.
471 2343 645 2388 Erigyius
673 2344 893 2379 Frobem'us:
923 2343 1072 2388 eriguus
1099 2346 1136 2376 A.
