1610 2522
61 276 101 305 19

58 637 102 667 20

57 815 100 846 21

58 934 102 965 22

59 1231 101 1261 23

58 1343 105 1377 IX

130 93 217 136 282
634 94 674 137 Q.
702 95 845 130 CURTI
873 96 984 131 RUFI

130 207 355 258 rentesqne
398 204 506 245 solvi
547 207 589 245 et
630 204 833 259 profiteor
866 205 908 245 in
941 205 1088 247 eodem
1122 205 1282 247 honore
1315 208 1483 249 futuros

130 277 275 305 omnes
309 278 397 317 eos,
441 264 484 304 in
519 278 603 318 quo
638 265 821 306 fuerunt.
884 263 995 307 Nam
1027 268 1148 306 tuum
1183 265 1483 321 Callisthenen,

129 322 196 363 cui
239 323 311 364 uni
353 323 417 364 vir
455 323 622 378 videris,
668 323 768 378 quia
806 323 914 365 latro
949 339 1004 377 es,
1050 325 1149 379 seio,
1195 339 1268 366 cur
1308 326 1483 380 produci

131 382 252 423 velis:
286 385 332 423 ut
365 397 507 424 eoram
540 382 606 424 his
640 383 813 437 probra,
860 398 968 437 quae
1002 384 1045 424 in
1078 399 1142 425 ine
1174 385 1301 426 modo
1336 385 1484 438 iecisti,

129 442 256 482 modo
290 442 459 496 audisti,
499 442 614 484 illins
648 457 817 497 quoque
851 457 923 484 ore
956 444 1204 484 referantur.
1269 444 1415 499 Quem,
1448 445 1481 486 si
1523 465 1538 491 5

129 500 303 543 Macedo
349 505 477 554 esset,
522 505 662 543 tecum
708 502 1059 558 introduxissem‚
1104 504 1404 559 dignissimum
1443 507 1484 546 te

129 560 340 615 discipulo
386 562 656 617 magistrum:
700 576 814 603 nune
846 560 1052 617 Olynthio
1098 577 1182 604 non
1229 563 1340 605 idem
1380 564 1484 605 iuris

129 621 220 661 est.'
285 620 388 662 Post
429 620 533 663 haec
574 621 799 662 eonsilium
839 621 1002 663 dimisit
1035 622 1229 677 tradique
1262 622 1484 665 damnatos
1505 630 1555 667 29

128 680 396 735 hominibus,
440 681 512 735 qui
552 695 602 722 ex
635 681 780 722 eadem
814 680 990 722 cohorte
1022 685 1159 737 erant,
1205 682 1341 723 iussit.
1403 682 1484 738 Illi,

130 743 176 780 ut
213 740 340 781 fidem
381 754 500 781 suani
541 740 718 782 saevitia
750 741 840 796 regi
873 740 1177 795 adprobarent,
1221 742 1484 784 excruciatos
1506 765 1540 790 10

129 803 396 841 necaverunt.
461 799 743 843 Callisthenes
777 815 945 854 quoque
984 803 1124 842 tortus
1163 801 1344 856 interiit,
1389 802 1483 843 initi

130 858 296 900 consilii
349 859 392 900 in
437 862 565 913 caput
608 860 722 915 regis
768 860 986 914 innoxius,
1041 861 1112 902 sed
1157 860 1485 915 haudquaquam

130 918 250 960 aulae
283 921 325 960 et
357 919 672 960 adsentantium
706 919 1052 961 accommodatus
1086 920 1270 976 ingenio.
1332 919 1485 975 Itaque

129 979 289 1021 nullius
323 978 470 1019 caedes
503 978 708 1020 maiorem
740 979 851 1033 apud
888 978 1068 1021 Graecos
1101 979 1344 1021 Alexandro
1377 981 1485 1022 exci-

130 1038 237 1079 tavit
268 1038 491 1093 invidiam,
535 1038 648 1093 quod
681 1038 921 1092 praeditum
954 1039 1130 1093 optimis
1163 1039 1355 1081 moribus
1388 1041 1538 1088 arti-15

130 1097 306 1152 busque,
339 1112 363 1138 a
396 1112 479 1152 quo
513 1101 735 1139 revocatus
765 1098 817 1138 ad
846 1098 974 1139 vitam
1005 1102 1105 1153 erat,
1139 1114 1234 1140 eum
1261 1099 1484 1141 interfecto

131 1157 243 1199 Clito
272 1158 379 1198 mori
400 1160 700 1212 perseveraret,
726 1172 812 1199 non
832 1160 1001 1199 tantum
1024 1158 1238 1213 occiderit,
1263 1159 1335 1200 sed
1356 1159 1483 1200 etiam

130 1217 305 1258 torserit
331 1217 491 1258 indicta
518 1217 689 1271 quidem
716 1232 851 1259 eausa.
904 1217 1040 1266 Quam
1068 1218 1361 1259 crudelitatem
1393 1233 1485 1260 sera

130 1277 390 1331 paenitentia
423 1279 652 1318 consecuta
683 1280 756 1318 est.

219 1335 302 1378 Sed
333 1351 385 1378 ne
419 1336 555 1378 otium
589 1336 775 1378 serendis
810 1337 1054 1378 rumoribus
1085 1339 1234 1378 natum
1267 1336 1409 1391 aleret,
1442 1337 1558 1382 in‘3‘6

129 1394 296 1438 Indiam
328 1396 475 1450 movit,
514 1410 680 1450 semper
712 1396 824 1438 bello
858 1411 985 1450 quam
1018 1399 1117 1451 post
1150 1397 1372 1438 victoriam
1405 1396 1484 1438 ela·
1506 1420 1537 1445 21

129 1455 228 1496 rior.
289 1455 412 1497 India
443 1458 537 1497 tota
567 1456 700 1497 ferme
733 1458 896 1511 spectat
928 1457 1146 1509 orientem,
1179 1456 1321 1497 minus
1354 1456 1397 1497 in
1429 1456 1486 1497 la-

128 1515 370 1569 titudinem,
405 1530 532 1569 quam
559 1518 673 1556 reeta
698 1515 871 1571 regione
899 1517 1098 1570 spatiosa.
1151 1515 1266 1564 Quae
1292 1519 1484 1557 austrum

129 1575 362 1630 accipiunt,
406 1575 451 1615 in
488 1574 617 1615 altius
659 1578 797 1616 terrae
836 1575 1056 1631 fastigium
1090 1575 1315 1617 excedunt:
1359 1574 1485 1630 plana

226 1695 244 1725 2
272 1692 378 1725 tuum
414 1692 646 1727 Vindelinus:
684 1703 766 1726 cum
799 1695 898 1725 PRV
926 1704 968 1726 m.
995 1705 1067 1737 pr„
1101 1694 1207 1726 tuum
1240 1704 1322 1727 cum
1354 1695 1484 1726 BFLV

129 1750 219 1773 corr.
296 1738 565 1786 Callisthenen]
587 1739 818 1774 calisthenen
834 1742 859 1773 B
879 1751 923 1774 m.
942 1752 998 1784 pr.
1015 1743 1123 1774 LRV.
1201 1744 1219 1773 3
1241 1740 1344 1786 quia]
1365 1750 1438 1783 qua
1459 1742 1484 1773 B

129 1798 173 1820 m.
190 1798 248 1831 pr.
367 1787 445 1833 cur]
472 1787 532 1821 cui
558 1791 583 1820 P
605 1800 647 1821 m.
663 1799 721 1832 pr.
833 1791 853 1820 4
881 1787 987 1834 velis]
1015 1788 1132 1822 uexlis
1158 1791 1194 1821 P.
1306 1793 1325 1821 5
1353 1787 1484 1832 Quem]

131 1845 242 1878 quam
269 1838 304 1868 P.
417 1838 436 1868 6
465 1835 576 1881 esset]
604 1846 683 1869 esse
710 1838 745 1868 B.
856 1839 874 1868 7
903 1834 1097 1882 Olynthio]
1125 1834 1282 1870 olinthio
1310 1839 1342 1877 c,
1371 1835 1484 1869 colin-

130 1882 210 1916 thio
236 1885 276 1915 B..
351 1886 371 1917 8
400 1882 612 1928 damnatos]
640 1883 863 1927 dampnatos
884 1886 957 1916 PR.
1033 1887 1052 1917 9
1081 1883 1248 1929 cohorte]
1276 1882 1423 1917 coherte
1443 1886 1482 1916 R.

133 1933 175 1963 10
203 1929 374 1976 saevitia]
401 1930 564 1964 saeuieia
590 1934 614 1963 L
643 1942 684 1964 m.
704 1942 760 1974 pr.
880 1935 920 1964 11
949 1929 1210 1977 Callisthenes]
1239 1929 1484 1965 callesthenes

130 1981 209 2018 PR,
237 1977 449 2012 callistenes
475 1981 547 2011 LV.
658 1982 698 2012 12
727 1978 856 2023 caput]
884 1978 1004 2022 capud
1029 1981 1069 2012 Β.
1177 1977 1484 2023 haudquaquam]

130 2027 362 2069 utquaquam
381 2028 461 2065 PR,
488 2024 700 2069 haudquam
724 2029 759 2058 F.
838 2029 879 2059 13
908 2025 1031 2072 aulae]
1053 2025 1135 2060 aule
1156 2029 1234 2067 PR,
1262 2024 1359 2059 male
1380 2028 1412 2058 C.

131 2073 184 2118 et]
211 2084 277 2107 om.
301 2076 331 2106 c.
438 2073 732 2119 adsentantium]
766 2072 1048 2107 adsentancium
1074 2077 1114 2107 V.
1220 2076 1263 2107 14
1291 2072 1423 2107 caedes
1449 2076 1482 2106 1:

131 2120 256 2154 caedis
283 2123 358 2154 AB.
436 2124 478 2154 15
505 2120 604 2164 quod
631 2131 695 2155 om.
718 2123 790 2154 PR.
871 2124 911 2154 17
941 2120 1052 2167 Clito]
1083 2120 1181 2164 clyto
1209 2124 1241 2154 C.
1317 2130 1484 2164 perseve-

129 2168 244 2213 raret]
267 2170 458 2212 persueret
477 2172 516 2201 Β..
592 2167 786 2213 occiderit]
814 2167 1000 2202 oceederit
1018 2172 1058 2202 B.
1136 2171 1178 2202 18
1205 2167 1483 2214 crudelitatem]

132 2214 392 2250 credulitatem
418 2219 458 2249 R.
548 2219 589 2249 19
617 2215 832 2261 consecuta]
866 2217 1083 2250 consecutus
1110 2218 1182 2248 PR.
1276 2218 1319 2249 20
1349 2215 1483 2261 otium]

132 2262 252 2297 ocium
279 2266 318 2297 V.
418 2267 459 2297 21
487 2262 649 2309 Indiam]
676 2262 861 2297 inuidiam
880 2266 952 2296 PB.
1053 2266 1095 2297 22
1124 2264 1269 2306 spectat
1288 2265 1313 2296 B
1336 2274 1378 2296 m.
1398 2273 1482 2297 sea:

132 2311 305 2354 expectat
325 2313 363 2344 A.
441 2314 483 2345 23
505 2310 685 2356 spatiosa]
707 2310 878 2354 spaciosa
891 2313 931 2352 V,
953 2310 1120 2354 speciosa
1141 2313 1213 2344 PB.
1290 2314 1334 2344 24
1355 2309 1483 2356 altius]

132 2357 248 2392 alcius
275 2361 314 2391 V.
414 2358 624 2404 fastigium]
650 2357 846 2392 fastidium
872 2361 908 2391 P.
1008 2358 1206 2404 excedunt]
1234 2358 1370 2392 cedunt
1394 2360 1434 2391 Β.
