1610 2522
349 106 677 139 HisToRJARUM
714 105 987 139 *xIAEXANDHI
1016 106 1093 146 1111,
1127 111 1175 139 13.
1382 107 1428 147 9]

88 215 336 256 versabilem
372 215 527 269 posuit⁷
567 218 624 267 ut,
657 214 730 268 qui
764 215 904 255 ultimi
939 215 1122 268 stabant,
1159 230 1211 256 ne
1245 215 1419 256 circumi

89 277 250 327 rentur,
293 275 395 316 verti
432 277 574 315 tamen
613 277 653 315 et
694 275 736 314 in
768 274 949 315 frontem
985 275 1213 330 circumagi
1254 278 1437 328 possent.

88 333 235 388 Itaque
274 350 359 375 non
397 335 535 388 prima
568 349 693 387 quam
728 335 879 387 latera,
917 349 1003 375 non
1042 335 1173 375 latera
1205 335 1438 375 munitiora

16 398 63 433 51
86 393 202 434 fuere
237 409 359 447 quam
394 398 524 446 terga.
589 393 668 434 His
708 394 766 433 ita
800 393 1003 434 ordinatis
1037 395 1260 447 praecipit,
1302 397 1363 447 ut,
1403 395 1437 434 si

52 472 65 495 5
86 454 264 494 falcatos
304 467 451 494 currus
498 468 591 494 cum
632 453 803 493 fremitu
844 453 1011 494 barbari
1050 454 1309 507 emitterent,
1356 455 1437 508 ipsi

86 513 239 553 laxatis
288 513 508 553 ordinibus
552 514 758 566 impetum
802 513 1107 553 incurrentium
1155 513 1325 554 silentio
1372 528 1438 553 ex-

87 573 289 626 ciperent,
316 572 428 613 haud
456 572 609 613 dubius
638 572 727 612 sine
754 587 864 613 noxa
890 575 1218 625 transcursuros,
1253 573 1286 613 si
1312 588 1436 613 nemo

86 646 129 673 se
162 635 411 686 opponeret:
452 633 516 672 sin
551 634 691 672 autem
727 632 815 672 sine
847 632 1021 672 fremitu
1055 633 1328 685 inmisissent‚
1366 647 1437 673 eos

86 692 167 745 ipsi
201 691 383 732 clamore
412 694 616 732 terrerent
642 691 904 745 pavidosque
937 706 1066 745 equos
1099 693 1196 733 telis
1223 693 1437 746 utrimque

34 770 65 793 ιο
86 751 356 791 suffoderent.
439 750 519 799 Qui
571 751 771 791 cornibus
823 754 1062 804 praeerant,
1113 752 1339 792 extendere
1391 766 1438 792 ea

86 810 190 850 iussi
232 811 306 863 ita,
349 813 395 851 ut
433 825 511 851 nec
549 811 974 864 circumvenirentur,
1020 812 1053 851 si
1092 812 1224 851 artius
1265 813 1438 865 starent,

85 885 164 911 nec
209 873 351 910 tamen
390 870 583 911 ultimam
626 871 757 911 aciem
799 870 1074 911 exinanirent.
1144 870 1437 925 Inpedimenta

86 945 179 970 cum
216 929 407 982 captivis,
446 930 555 970 inter
593 944 699 983 quos
731 933 868 970 mater
898 929 1106 984 liberique
1140 930 1266 971 Darei
1300 934 1437 972 custo—

86 989 326 1041 diebantur,
366 990 477 1029 haud
517 990 667 1043 procul
705 989 791 1030 acie
832 990 874 1029 in
914 990 1026 1030 edito
1067 991 1174 1031 colle
1214 990 1439 1031 constituit

34 1067 63 1090 15
87 1048 253 1089 modico
286 1049 496 1102 praesidio
538 1050 696 1089 relicto.
761 1049 946 1090 Laevum
987 1064 1136 1102 cornu,
1175 1050 1283 1090 sicut
1322 1050 1438 1101 alias,

89 1108 357 1149 Parmenioni
391 1108 593 1149 tuendum
627 1108 784 1161 datum,
818 1109 907 1163 ipse
940 1109 984 1149 in
1017 1109 1165 1150 dextro
1200 1109 1350 1150 stabat.

174 1167 377 1208 Nondum
410 1168 462 1209 ad
496 1169 652 1209 iactum
686 1168 759 1209 teli
786 1171 1037 1222 perventum
1066 1172 1167 1222 erat,
1199 1183 1295 1209 cum
1328 1169 1437 1210 Bion

87 1227 257 1281 quidam
290 1228 529 1283 transfuga⁷
570 1231 728 1281 quanto
769 1228 955 1268 maximo
997 1242 1123 1269 cursu
1155 1231 1344 1283 poterat,
1387 1228 1437 1269 ad.

86 1301 227 1341 regem
273 1288 465 1340 pervenit
509 1288 724 1339 nuntians,
768 1287 950 1329 murices
995 1288 1154 1329 ferreos
1200 1289 1243 1329 in
1283 1291 1437 1329 terram

32 1365 65 1388 20
86 1346 305 1387 diffudisse
332 1346 530 1399 Dareum,
563 1362 647 1400 qua
672 1347 840 1388 hostem
868 1348 1032 1400 equites
1060 1348 1315 1389 emissurum
1349 1362 1438 1389 esse

87 1405 293 1458 credebat,
327 1409 608 1460 notatumque
642 1409 756 1447 certo
791 1406 913 1461 signo
940 1407 1093 1459 locum,
1126 1410 1174 1448 ut
1205 1408 1322 1448 fraus
1357 1408 1438 1449 evi—

85 1465 165 1505 tari
208 1480 231 1505 a
272 1465 358 1506 suis
400 1468 554 1519 posset.
622 1465 850 1507 Adservari
892 1467 1114 1522 transfuga
1154 1467 1268 1507 iusso
1312 1467 1437 1507 duces

86 1527 292 1565 convocat
325 1526 616 1578 expositoque,
650 1526 763 1579 quod
790 1525 1035 1567 nuntiatum
1068 1529 1168 1577 erat,
1202 1529 1358 1578 monet,
1390 1529 1438 1566 ut

85 1584 303 1639 regionem
337 1587 615 1625 monstratam
650 1584 861 1626 declinent
894 1586 1168 1639 equitemque
1200 1586 1433 1639 periculum

33 1662 64 1685 25
88 1643 301 1684 edoceant.

177 1702 372 1743 Ceterum
406 1703 647 1744 hortantem
679 1705 888 1745 exercitus
922 1704 1119 1746 exaudire
1153 1719 1238 1746 non
1270 1707 1439 1759 poterat

86 1777 208 1803 usum
252 1763 415 1803 aurium
448 1762 745 1817 intercipiente
777 1764 952 1805 fremitu
992 1764 1172 1805 duorum
1206 1764 1437 1820 agminum,

87 1821 159 1861 sed
188 1822 231 1863 in
257 1825 486 1876 conspectu
515 1823 703 1864 omnium
733 1823 858 1864 duces
890 1827 931 1864 et
957 1823 1198 1878 proximum
1227 1839 1438 1877 quemque

15 1708 36 1742 ει

41 1707 63 1741 [θ

183 1990 199 2020 1
223 1986 518 2033 circumirentur]
541 1986 927 2022 circircumirenturF.
1004 1992 1022 2021 8
1046 1988 1122 2033 eos]
1145 1999 1186 2022 eo
1201 1992 1226 2021 P
1250 2000 1290 2022 m.
1308 2000 1366 2032 pr.

86 2034 329 2080 immisissent]
349 2034 631 2068 inmisisentFL
652 2047 695 2068 m.
713 2047 770 2079 pr.
843 2040 881 2069 11
905 2035 1011 2081 iussi]
1032 2036 1144 2069 iussi*
1160 2040 1195 2069 P.
1268 2039 1308 2068 14
1331 2035 1438 2081 colle]

87 2081 149 2115 ille
176 2086 211 2115 P.
296 2086 335 2116 15
364 2082 492 2127 cornu]
521 2093 655 2116 cornu*
678 2087 713 2116 P.
797 2087 837 2116 16
866 2083 1116 2129 Parmenioni]
1146 2083 1375 2127 permenioni
1402 2087 1437 2116 P.

89 2133 129 2162 17
158 2129 312 2175 iactum]
345 2129 483 2163 iectum
510 2133 535 2162 B
562 2142 605 2163 m.
622 2142 680 2174 pr.
702 2134 727 2162 F
751 2143 792 2164 m.
818 2143 876 2174 pr.
903 2135 928 2163 L
959 2143 1002 2164 m.
1027 2144 1085 2175 pr.
1220 2132 1439 2174 perventum

87 2178 167 2210 erat
206 2177 336 2221 scripsi
347 2191 353 2210 :
395 2178 616 2220 peruenerat
654 2181 692 2210 A.
842 2182 882 2212 18
927 2180 1074 2221 poterat
1110 2182 1143 2211 1:
1188 2180 1362 2222 potuerat
1399 2181 1438 2211 A.

88 2227 131 2257 20
160 2223 351 2258 diffudisse
385 2226 531 2268 scripsi:
559 2224 749 2259 diffodisse
772 2229 803 2266 G,
826 2226 1011 2259 defodisse
1031 2230 1056 2259 P
1076 2238 1120 2260 m.
1136 2237 1196 2270 pr.
1293 2230 1333 2259 21
1364 2236 1440 2260 cre-

89 2271 216 2317 debat]
258 2271 459 2306 credebant
490 2276 525 2305 P.
672 2276 715 2306 -26
754 2272 966 2307 hortantem
1005 2274 1208 2308 Bentlez'us:
1254 2273 1323 2306 hoc
1358 2275 1440 2306 tan-

89 2318 171 2352 dem
192 2322 231 2352 A.
329 2319 491 2365 poterat]
512 2321 685 2363 poterant
704 2324 729 2353 P
749 2332 792 2355 m.
810 2333 869 2364 pr.
945 2324 987 2354 ‘28
1015 2322 1055 2355 in
1082 2322 1282 2364 conspectu
1308 2321 1439 2355 Vinde-

87 2367 202 2400 lz'nns:
231 2368 431 2410 conspectu
457 2370 495 2400 A.

1465 407 1484 434 3
1489 407 1507 435 3

1465 763 1508 793 34

1466 882 1508 912 35

1466 1181 1482 1210 3
1490 1180 1509 1210 6

1465 1478 1508 1508 37

1467 1716 1508 1746 38
