1591 2493
537 594 659 640 PRA
669 593 906 641 EFATIO

132 716 257 760 Quam
293 717 488 753 rationem
524 716 563 751 in
597 714 640 758 Q.
668 714 779 752 Curti
816 715 901 751 Rufi
939 715 1115 753 historiis
1150 715 1395 753 recensendis

42 788 144 812 anno
181 787 444 822 movvstnxvu,
480 788 569 811 cum
607 775 781 823 primum
818 787 883 812 eas
919 775 1084 821 ederem,
1119 777 1278 812 secutus
1310 787 1395 812 811111

41 848 220 882 annoque
242 846 460 871 ‚uncos'nxx
485 834 524 870 in
544 836 838 884 programmate
860 834 1057 884 gymnasii
1083 834 1395 884 Bernburgensis

40 894 270 944 diligentius
299 893 509 942 explicavi,
543 906 628 930 03111
662 895 782 931 etiam
815 907 918 931 nunc
952 894 1111 931 retinui.
1162 894 1265 931 Nam
1300 894 1395 931 Kin-

41 954 161 1002 chius,
184 955 251 1002 qui
272 966 374 990 anno
397 964 693 990 MDcchxxxm
715 955 851 990 contra
873 955 1111 991 sententiam
1126 966 1254 990 meam
1276 953 1395 992 disse·

38 1026 127 1051 rens
155 1025 288 1051 onmes
317 1012 427 1050 Curti
454 1013 618 1060 codices⁷
646 1015 842 1061 quotquot
869 1015 1058 1062 extarent,
1086 1026 1130 1050 ex
1158 1026 1237 1050 uno
1265 1013 1396 1051 codice

40 1073 218 1111 Parisino
249 1074 361 1110 5716
398 1072 633 1110 derivandos
661 1085 742 1110 esse
771 1073 888 1121 dixit,
924 1074 970 1110 ut
996 1073 1059 1110 hic
1094 1085 1198 1110 unus
1234 1072 1311 1109 dux
1338 1086 1395 1111 se-

39 1132 217 1181 quendus
245 1134 295 1178 et,
321 1131 389 1169 ubi
414 1133 626 1169 lacunosus
655 1134 768 1180 esset,
795 1133 835 1169 in
862 1134 944 1170 eius
965 1133 1094 1170 locum
1115 1133 1234 1170 codex
1255 1132 1393 1170 biblio-

38 1192 173 1230 thecae
201 1192 419 1229 Vaticanae
445 1192 678 1242 Reginensis
707 1194 787 1229 971
819 1192 965 1230 83001111
998 1192 1218 1230 duodecimi
1253 1192 1394 1230 substi-

36 1251 203 1289 tuendus
231 1254 349 1297 esset,
381 1253 541 1289 minime
568 1264 630 1289 me
662 1252 787 1289 movit
814 1265 981 1301 eumque
1008 1252 1264 1290 vehementer
1289 1265 1392 1290 erra-

36 1311 138 1350 visse
166 1324 268 1349 anno
295 1323 649 1349 MDCCCLxxxxvm
680 1312 722 1348 ’111
749 1311 1070 1350 Berolinensibus
1098 1311 1143 1348 de
1176 1312 1394 1362 philologia

38 1370 136 1408 actis
163 1371 233 1409 col.
264 1371 375 1408 1386
406 1383 525 1419 quam
544 1370 771 1408 brevissime
800 1371 923 1409 docui.
976 1371 1130 1408 Nititur
1149 1372 1273 1421 igitur
1298 1372 1395 1409 haec

37 1430 163 1468 altera
188 1431 361 1468 recensio
382 1442 516 1468 rursus
539 1430 712 1478 quinque
734 1430 844 1468 libris
864 1443 985 1468 manu
1006 1431 1174 1479 scriptis,
1197 1443 1295 1480 quos
1309 1432 1393 1480 ipse

38 1490 200 1537 contuli,
232 1490 435 1537 Bernensi,
469 1489 709 1537 Florentino,
741 1489 936 1539 Leidensi,
968 1490 1161 1538 Parisino,
1187 1490 1392 1528 Vossiano.

124 1550 183 1586 Ex
212 1549 357 1597 quibus
393 1549 512 1586 codex
539 1549 816 1597 Beruensis,
850 1550 919 1598 qui
952 1550 1046 1587 olim
1078 1550 1188 1587 Petri
1215 1550 1392 1588 Danielis

35 1607 344 1656 Aurelianensis,
371 1608 512 1645 deinde
532 1608 668 1646 Iacobi
687 1609 898 1659 Bongarsii
925 1611 1011 1647 erat
1037 1612 1075 1647 et
1101 1622 1205 1647 nunc
1232 1622 1393 1647 numero

37 1669 117 1704 451
160 1667 372 1718 insignitus
408 1668 560 1705 Bernae
596 1668 637 1704 in
671 1668 912 1706 bibliotheca
950 1669 1110 1718 publica
1147 1669 1391 1717 adservatur,

34 1729 190 1765 centum
222 1727 389 1778 triginta
423 1739 487 1764 sex
520 1727 616 1764 folia
652 1728 908 1776 quaternaria
946 1741 1184 1778 pergamena
1217 1730 1392 1767 continet

33 1788 72 1823 et
101 1787 255 1824 saeculo
292 1799 394 1824 nono
430 1787 574 1824 litteris
609 1787 876 1838 carolingicis‚
914 1801 1014 1836 quae
1041 1790 1251 1835 vocantur,
1287 1788 1390 1826 binis

34 1846 224 1883 columnis
263 1847 491 1884 vicenorum
523 1848 725 1884 ternorum
764 1859 948 1884 versuum
992 1848 1193 1898 eleganter
1220 1848 1390 1897 scriptus

34 1908 151 1954 atque
182 1906 318 1943 eodem
338 1906 418 1943 fere
439 1907 627 1955 tempore,
654 1908 698 1943 ut
717 1906 802 1944 fieri
828 1907 990 1955 solebat,
1018 1907 1066 1944 ab
1088 1907 1166 1945 alio
1187 1908 1391 1955 monacho,

33 1964 103 2013 qui
128 1977 171 2002 eo
198 1965 283 2013 ipso
316 1964 466 2012 codice,
505 1966 574 2014 qui
600 1965 913 2014 describebatur,
950 1966 1155 2015 utebatur,
1195 1969 1391 2005 correctus

31 2024 432 2073 adnotationibusque
465 2027 602 2062 auctus
629 2027 696 2063 est.
748 2026 886 2074 Neque
912 2028 1050 2074 postea
1076 2026 1296 2073 defuerunt,
1324 2027 1391 2075 qui

33 2082 144 2120 Curti
180 2083 300 2121 verba
344 2085 426 2121 sive
467 2086 700 2122 correcturis
733 2086 815 2123 sive
852 2086 1003 2123 rasuris
1046 2086 1127 2123 sive
1167 2085 1390 2123 adnotatio-

30 2142 144 2180 nibus
171 2142 377 2180 emendare
405 2143 616 2181 studerent.

120 2201 248 2239 Codex
293 2202 624 2251 Florentinus‚
675 2203 742 2252 qui
787 2203 1012 2242 Florentiae
1056 2204 1098 2241 in
1141 2204 1382 2242 bibliotheca

33 2260 302 2299 Laurentiana
323 2261 552 2300 adservatus
573 2263 693 2300 codex
707 2263 927 2301 tricesimus
949 2264 1111 2312 quintus
1132 2264 1260 2312 plutei
1280 2276 1388 2301 sexa-

30 2321 167 2371 gesimi
207 2322 340 2370 quarti
373 2323 448 2369 est,
487 2335 590 2360 nunc
615 2323 742 2371 primo
770 2324 1029 2371 quaternione
1061 2324 1196 2362 avolso
1231 2325 1388 2361 centum
