1610 2522
60 791 93 815 10

59 1087 92 1112 15

70 1252 91 1286 ιθ

59 1384 93 1408 20

60 1679 92 1704 25

162 129 203 172 Q.
225 129 369 165 CURTI
389 129 503 164 RUFI
523 129 860 164 HISTORIARUM
882 129 1167 164 ALEXANDRI
1187 129 1300 174 VIIII,
1323 136 1351 165 1.
1382 130 1467 172 309

115 239 291 280 materia
322 239 484 280 navalis
517 239 561 280 in
593 239 800 293 proximis
833 239 1051 280 montibus
1085 242 1192 280 erat:
1227 253 1353 292 quam
1382 254 1468 280 cae—

114 298 210 339 dere
254 298 443 353 adgressi
487 298 793 353 magnitudinis
838 299 1079 339 invisitatae
1122 313 1346 353 repperere
1388 314 1470 340 ser-

113 360 273 411 pentes.
336 357 645 399 Rhinocerotes
680 371 867 411 quoque,
905 373 1047 398 rarum
1080 358 1183 399 alibi
1216 357 1389 412 animal,
1426 359 1469 399 in

115 417 246 458 isdem
280 417 498 458 montibus
532 420 661 458 erant.
713 416 907 458 Ceterum
942 417 1024 459 hoc
1055 431 1211 458 nomen
1242 416 1380 459 beluis
1409 418 1470 459 in—

114 476 250 517 ditum
272 491 296 517 a
318 475 506 518 Graecis:
535 477 740 517 sermonis
768 477 857 517 eius
885 477 1023 531 ignari
1046 477 1150 518 Inde·
1175 477 1291 518 aliud
1323 476 1471 532 lingua

115 550 190 576 sua
216 539 435 590 usurpant.
487 535 578 576 Rex
607 535 771 576 duabus
804 536 981 577 urbibus
1008 536 1191 577 conditis
1219 536 1261 576 in
1290 540 1470 590 utraque

114 594 316 648 fluminis,
349 595 463 649 quod
495 598 777 649 superaverat,
815 596 908 649 ripa
941 597 1160 649 copiarum
1194 596 1319 637 duces
1354 610 1470 637 coro-

113 654 179 694 nis
225 658 263 694 et
311 666 344 695 Μ
377 655 514 695 aureis
560 654 752 709 singulos
798 655 946 696 donat:
989 655 1138 696 ceteris
1185 670 1353 709 quoque
1392 671 1469 709 pro

113 713 309 767 portione
339 717 413 754 aut
444 714 612 769 gradus,
645 729 767 767 quem
804 715 848 755 in
880 715 1067 757 amicitia
1101 714 1364 767 obtinebant,
1398 718 1471 756 aut

113 776 289 813 navatae
317 788 468 827 operae
500 772 636 814 honos
663 773 834 814 habitus
863 777 938 814 est.
977 774 1191 827 Abisares,
1224 775 1308 828 qui,
1335 775 1470 828 prius-

115 846 239 885 quam
280 847 372 873 cum
407 831 518 873 Poro
559 832 852 886 dimicaretur,
896 834 1060 888 legatos
1093 834 1145 874 ad
1178 833 1470 875 Alexandrum

114 891 297 945 miserat,
328 907 473 932 rursus
501 891 606 933 alios
634 893 752 933 misit
778 892 1044 946 pollicentes,
1073 894 1217 934 omnia
1243 894 1470 947 facturum,

114 965 221 1004 quae
254 952 520 1005 imperasset,
559 951 686 993 modo
720 967 770 992 ne
804 955 1026 1007 cogeretur
1059 967 1213 1006 corpus
1247 967 1369 993 suum
1404 953 1471 994 de—

114 1009 228 1050 dere:
262 1025 397 1064 neque
431 1011 543 1051 enirn
577 1014 650 1051 aut
677 1011 765 1052 sine
793 1012 910 1066 regio
944 1012 1123 1066 imperio
1156 1011 1366 1053 victurum
1397 1015 1471 1053 aut

113 1072 389 1124 regnaturum
433 1084 523 1110 esse
569 1070 796 1124 captivum.
876 1069 953 1111 Cui
998 1071 1239 1112 Alexander
1282 1072 1471 1113 nuntiari

113 1128 254 1182 iussit,
287 1130 322 1169 si
355 1133 602 1184 gravaretur
634 1129 685 1170 ad
719 1144 761 1170 se
794 1130 957 1183 venire,
990 1131 1131 1184 ipsum
1166 1130 1217 1171 ad
1251 1146 1346 1172 eum
1380 1146 1471 1172 esse

114 1190 349 1229 venturum.

203 1246 316 1288 Hinc
348 1248 598 1302 praerapido
632 1263 755 1290 amne
788 1252 987 1303 superato
1021 1250 1072 1290 ad
1099 1251 1301 1290 interiora
1324 1249 1470 1292 Indiae

112 1307 331 1360 processit.
394 1306 532 1348 Silvae
578 1310 698 1348 erant
742 1323 875 1362 prope
920 1309 963 1349 in
1002 1310 1241 1350 inmensum
1284 1310 1469 1363 spatium

113 1366 288 1407 diffusae
326 1367 598 1420 procerisque
637 1370 678 1408 et
716 1368 757 1407 in
798 1368 996 1409 eximiam
1036 1368 1306 1409 altitudinem
1346 1369 1469 1410 editis

113 1425 336 1466 arboribus
378 1426 614 1467 umbrosae.
679 1426 877 1480 Plerique
916 1428 1022 1468 rami
1065 1428 1199 1468 instar
1231 1428 1469 1483 ingentium

113 1484 310 1538 stipitum
347 1485 444 1525 flexi
481 1487 526 1526 in
556 1485 735 1526 humum
769 1501 933 1539 rursus,
978 1501 1061 1540 qua
1103 1501 1147 1528 se
1180 1490 1470 1541 curvaverant,

114 1543 398 1598 erigebantur,
424 1544 528 1585 adeo
555 1548 602 1585 ut
630 1546 789 1598 species
817 1550 927 1586 esset
952 1561 1039 1587 non
1065 1547 1172 1587 rami
1196 1548 1470 1602 resurgentis,

114 1602 185 1642 sed
224 1602 387 1644 arboris
426 1619 476 1644 ex
515 1618 591 1644 sua
622 1604 762 1646 radice
795 1608 1030 1658 generatae.
1096 1605 1210 1646 Caeli
1243 1607 1470 1660 temperies

113 1661 312 1702 salubris:
352 1663 509 1717 quippe
552 1666 594 1703 et
625 1663 711 1704 vim
746 1664 846 1705 solis
879 1665 1054 1705 umbrae
1085 1666 1229 1706 levant
1263 1668 1304 1706 et
1336 1680 1470 1720 aquae

112 1721 230 1776 large
263 1724 437 1763 manant
469 1736 490 1762 e
522 1722 725 1764 fontibus.
779 1722 977 1765 Ceterum
1007 1725 1078 1765 hic
1105 1739 1273 1779 quoque
1301 1739 1469 1779 serpen-

112 1780 221 1820 tium
259 1794 414 1835 magna
452 1781 516 1822 vis
549 1784 640 1822 erat
672 1783 858 1836 squamis
890 1783 1102 1838 fulgorem
1138 1785 1227 1825 auri
1260 1784 1469 1825 reddenti-

210 1912 228 1942 2
255 1909 488 1954 invisitatae]
508 1909 753 1944 inusitataeF
767 1923 810 1945 m.
820 1923 893 1955 pr„
909 1912 1136 1946 inusssitatae
1151 1916 1186 1946 L.
1257 1913 1467 1958 repperere]

113 1966 267 2000 reppere
288 1960 326 1990 V.
403 1960 421 1990 3
450 1957 717 1992 Rhinocerotes
739 1959 880 1992 Lazcer:
908 1959 1186 1993 rhinocerontes
1207 1963 1266 1992 BL
1287 1972 1332 1994 m.
1348 1972 1407 2004 pr.
1430 1964 1467 2002 P,

113 2003 363 2038 rinocerontes
390 2008 463 2038 FV.
557 2008 578 2038 4
604 2005 739 2051 isdem]
766 2005 911 2040 hisdem
938 2010 1008 2040 FP.
1096 2011 1115 2041 5
1143 2007 1238 2052 eius]
1266 2018 1331 2041 om.
1359 2011 1394 2040 P.

112 2050 250 2096 ignari]
276 2051 383 2096 gnari
410 2055 446 2086 F.
533 2053 642 2086 Indi
668 2052 771 2086 aliud
797 2054 943 2097 scripsi:
978 2054 1080 2087 aliud
1108 2058 1146 2088 A.
1248 2059 1265 2088 7
1294 2055 1405 2088 duces
1433 2059 1466 2088 1:

113 2097 217 2131 ducis
238 2101 277 2131 A.
353 2102 373 2133 8
401 2099 583 2145 singulos]
605 2099 744 2144 sigulos
765 2104 837 2134 BF.
915 2104 934 2134 9
955 2101 1142 2147 portione]
1162 2102 1337 2146 porcione
1358 2106 1392 2136 L.

115 2146 195 2190 aut]
222 2145 323 2179 haud
349 2150 384 2180 P.
483 2147 622 2191 gradus
655 2149 866 2183 Acidalms:
901 2149 1021 2191 gradu
1055 2152 1092 2182 A.
1194 2150 1274 2195 aut]
1302 2149 1402 2183 haud
1429 2153 1464 2182 P.

117 2196 158 2226 10
174 2192 305 2238 honos]
320 2193 439 2227 honus
453 2197 479 2226 B
499 2205 614 2239 mpr.
629 2198 667 2236 P,
688 2206 778 2229 onus
800 2199 825 2228 L
841 2208 883 2230 m.
894 2208 952 2239 pr.
1028 2197 1197 2242 habitus]
1219 2197 1342 2230 abitus
1357 2201 1393 2230 L.

114 2239 304 2286 Abisares]
332 2241 515 2275 abissai-es
543 2246 576 2275 c.
653 2246 694 2275 12
722 2242 960 2288 pollicentes]
988 2243 1194 2287 policentes
1214 2248 1249 2278 P.
1325 2244 1466 2289 omnia]

113 2286 252 2320 onimia
271 2292 306 2320 P.
384 2292 427 2322 14
453 2289 534 2334 aut]
560 2289 661 2323 haud
681 2294 716 2323 P.
798 2291 878 2335 aut]
900 2291 996 2324 haud
1019 2295 1055 2325 P.
1141 2295 1182 2325 15
1209 2292 1466 2336 regnaturum]

113 2335 334 2378 regnaturus
360 2339 389 2368 V
410 2347 454 2369 m.
472 2347 529 2379 pr.
607 2339 650 2370 18
676 2337 900 2381 praerapido
927 2339 1072 2382 scripsi:
1107 2349 1196 2382 poro
1223 2342 1262 2371 A.
1341 2339 1465 2383 amne]

114 2391 234 2414 amme
260 2385 296 2415 L.
372 2384 563 2429 superato]
590 2386 766 2427 superata
785 2388 823 2418 V.
926 2389 967 2418 19
996 2386 1176 2430 spatium]
1203 2386 1369 2429 spacium
1391 2389 1462 2419 PV.

1497 1084 1516 1113 8

1499 1440 1541 1470 10

1498 1619 1538 1649 11

1497 1738 1539 1767 12
