1591 2493
576 82 848 117 PRAEFATIO
1344 82 1393 116 IX

39 199 157 237 verba
195 197 366 236 librariis
405 196 542 246 ignota
575 209 692 246 saepe
718 196 887 243 foedius,
921 208 1040 245 quam
1071 196 1188 246 vulgo
1216 195 1277 244 fit,
1310 208 1390 234 cor-

37 260 157 308 rupta
183 260 283 296 sunt.
334 256 470 305 Neque
490 259 623 294 tamen
650 258 811 305 propter
836 255 1052 293 rhetoricas
1078 255 1168 293 illas
1195 256 1390 293 clausulas

38 331 61 355 a
82 318 258 357 codicum
284 316 510 354 testimonio
542 315 720 354 recedere
741 327 860 353 ausus
881 328 978 361 sum,
1006 314 1121 363 quod,
1149 316 1216 363 qui
1246 315 1318 352 hac
1345 315 1390 352 de

38 391 78 416 re
105 379 354 426 scripserunt,
375 388 460 413 eam
481 387 732 424 nequaquam
753 375 848 413 satis
870 375 995 412 adhuc
1016 375 1272 423 explicavisse
1294 375 1391 412 mihi

37 437 231 475 videntur.

126 496 170 533 In
208 494 435 533 adornanda
471 496 602 532 autern
639 494 810 532 editione
846 507 948 531 nunc
987 493 1164 532 codicum
1200 494 1389 531 lectiones

38 556 99 594 vel
126 568 274 594 errores
301 557 334 592 si
359 567 435 591 non
464 566 614 602 omnes,
647 557 688 591 at
715 554 795 592 fere
823 567 955 591 omnes
986 553 1194 602 adscripsi:
1228 566 1321 590 nam
1347 556 1391 590 ut

38 627 170 653 omnes
197 615 392 662 adderem,
419 614 467 652 ab
495 615 624 651 animo
651 627 736 651 meo
764 626 842 650 11011
865 614 1078 662 impetravi
1105 625 1148 650 ac
1177 614 1239 651 vix
1267 615 1391 661 potui,

37 674 141 724 quod
169 675 343 724 quinque
376 674 436 711 1111
463 673 613 711 codices
647 686 797 720 omnes,
833 675 877 710 ut
909 685 1027 721 supra
1063 673 1190 718 docui,
1232 685 1309 710 non
1342 672 1390 709 ab

39 747 114 772 uno
141 737 358 772 correctore
391 733 563 771 eiusdem
596 734 739 770 aetatis
775 733 967 782 recogniti
996 735 1104 780 sunt,
1140 732 1206 770 sed
1240 745 1262 769 a
1289 745 1391 770 com-

36 794 234 843 pluribus,
270 795 339 843 qui
366 792 478 831 Curti
506 792 623 831 verba
656 805 809 830 summa
841 792 1004 829 libidine
1039 794 1390 839 commutaverunt,

37 866 124 892 cum
151 866 199 891 ne
226 853 412 902 scalpello
440 852 596 901 quidem
618 851 874 900 abstinerent,
902 854 945 889 ut
970 852 1077 889 haud
1097 864 1185 889 raro
1207 852 1287 889 iam
1314 864 1391 889 non

37 913 162 962 possit
182 913 334 962 dispici,
361 912 455 961 quid
477 925 499 949 a
519 912 683 949 librario
704 911 803 961 ipso,
829 911 923 960 quid
945 924 967 948 a
989 914 1219 960 correctore,
1247 912 1342 960 quid
1369 924 1391 948 a

36 973 174 1011 ceteris
210 974 433 1021 profectum
465 973 526 1010 sit.
578 972 636 1009 Ac
672 984 825 1018 vereor,
861 984 907 1008 ne
943 972 1213 1018 inveniantur,
1251 971 1317 1019 qui
1350 972 1389 1008 in

37 1034 229 1070 varietate
264 1032 441 1070 codicum
472 1031 715 1078 adnotanda,
751 1031 854 1080 quod
887 1031 1042 1080 saepius
1078 1043 1139 1068 res
1171 1031 1390 1069 levissimas

37 1092 350 1141 adscripsissem,
386 1091 546 1128 modum
572 1104 633 1128 me
665 1091 868 1128 transiisse
904 1091 1049 1128 dicant.
1101 1090 1177 1128 Sed
1210 1091 1390 1139 quamvis

36 1152 137 1189 hanc
163 1151 316 1189 sordem
336 1153 497 1201 tangere
523 1151 686 1201 pigeret,
714 1152 846 1188 tamen
866 1151 956 1188 illos
978 1162 1126 1188 errores
1152 1150 1390 1199 perscribere

37 1212 212 1248 animum
238 1211 393 1258 induxi,
430 1210 534 1259 quod
570 1211 686 1248 aliter
721 1222 834 1247 nemo
871 1211 1090 1259 perspicere
1126 1212 1275 1260 potest,
1313 1223 1389 1258 quo

38 1270 151 1308 modo
180 1273 218 1308 et
244 1270 393 1308 codices
415 1269 596 1308 Curtiam'
622 1270 828 1318 depravati
855 1271 934 1307 sint
961 1271 999 1306 et
1020 1268 1131 1306 Curti
1158 1270 1276 1307 verba
1303 1282 1389 1308 oum

37 1330 172 1379 aliqua
207 1330 466 1368 similitudine
501 1331 585 1367 veri
622 1329 820 1367 emendari
856 1330 1018 1378 possint.
1071 1329 1391 1377 Discrepantiam

37 1392 170 1427 tamen
197 1389 545 1440 orthographicam
571 1390 698 1427 rarius
725 1388 932 1437 adnotavi,
965 1388 1069 1437 quod
1096 1389 1135 1425 in
1162 1389 1235 1427 hac
1261 1402 1302 1426 re
1329 1402 1389 1427 co-

37 1448 168 1487 dicum
189 1449 468 1487 Curtianorum
489 1449 703 1487 auctoritas
725 1447 938 1485 admodum
959 1450 1017 1485 est
1030 1447 1139 1486 levis.
1180 1448 1302 1485 Nolui
1323 1461 1390 1486 au-

37 1511 116 1546 tem
130 1510 170 1546 in
187 1508 385 1546 erroribus
400 1521 515 1557 saepe
537 1508 830 1546 occurrentibus
850 1521 929 1545 una
950 1507 1205 1545 adnotatione
1218 1508 1390 1558 defungi,

38 1568 105 1605 sed
131 1580 279 1606 errores
305 1580 374 1605 suo
411 1580 606 1617 quemque
639 1568 724 1605 loco
760 1567 946 1616 repetivi,
982 1569 1042 1615 ut,
1078 1567 1110 1605 si
1148 1567 1209 1604 cui
1237 1568 1316 1605 alia
1343 1568 1390 1606 de

38 1639 155 1664 causa
181 1640 282 1664 unus
303 1627 366 1664 vel
387 1627 486 1665 alter
511 1628 621 1664 locus
643 1626 754 1664 Curti
780 1627 1047 1675 inspiciendus
1075 1629 1186 1674 esset,
1212 1629 1245 1664 is
1273 1627 1389 1665 facile

38 1686 199 1735 videret,
219 1687 314 1735 quid
335 1687 513 1725 codicum
534 1687 771 1724 auctoritate
791 1687 997 1734 niteretur,
1025 1686 1120 1734 quid
1140 1688 1389 1724 coniecturae

38 1746 254 1784 deberetur.
301 1746 410 1784 Unde
432 1747 552 1784 etiam
566 1746 826 1795 repetendum
846 1747 916 1793 est,
939 1746 1042 1794 quod
1063 1747 1237 1784 virorum
1259 1746 1388 1785 docto-

37 1819 126 1842 rum
153 1807 411 1854 coniecturas,
437 1818 534 1855 quas
562 1806 753 1854 plurimas
774 1806 939 1856 conlegi,
966 1805 1007 1842 in
1034 1805 1291 1844 adnotatione
1318 1808 1389 1843 cri-

37 1866 116 1903 tica
142 1879 219 1904 non
247 1865 397 1903 addidi:
423 1879 516 1903 nam
540 1865 625 1902 fieri
644 1878 723 1902 non
743 1866 910 1914 poterat,
939 1865 1034 1913 quin
1055 1877 1199 1915 magna
1226 1865 1388 1903 adnota-

37 1925 190 1963 tionum
215 1925 317 1962 mole
345 1924 522 1963 codicum
549 1926 738 1962 memoria
766 1924 1041 1963 obscuraretur
1061 1926 1179 1973 atque
1208 1925 1389 1963 obruere-

38 1985 113 2021 tur.
163 1984 288 2022 Enixe
316 1986 447 2022 autem
474 1984 564 2021 dedi
590 1996 766 2033 operam,
793 1986 839 2021 ut
865 1985 1099 2022 coniecturis
1126 1996 1267 2022 nomen
1294 1986 1388 2032 eius,

39 2043 108 2092 qui
133 2044 282 2092 primus
319 2056 405 2081 eam
439 2044 551 2091 fecit,
586 2043 859 2081 adscriberem.
908 2043 955 2081 In
991 2056 1068 2091 quo
1103 2045 1198 2092 quin
1233 2045 1388 2093 saepius

39 2103 263 2151 erraverim,
289 2116 367 2141 non
393 2103 530 2141 dubito
558 2104 596 2140 et
623 2103 670 2140 ab
698 2103 890 2151 omnibus,
922 2103 1156 2152 quicumque
1183 2104 1261 2152 ipsi
1285 2103 1387 2141 idem

38 2162 167 2199 conati
203 2164 299 2211 sint,
335 2163 455 2201 errati
489 2162 644 2200 veniam
676 2176 737 2200 me
771 2163 1079 2211 impetraturum
1111 2175 1194 2200 esse
1226 2163 1388 2202 confido.

38 2220 159 2258 Velut
189 2235 342 2271 vereor,
378 2236 426 2259 ne
457 2222 565 2260 haud
598 2234 745 2271 paucas
782 2221 1074 2259 emendationes
1110 2222 1211 2259 falso
1249 2222 1388 2272 Cospo,

39 2282 109 2328 qui
134 2282 176 2318 in
195 2281 359 2319 Diodori
385 2281 431 2319 de
453 2282 639 2330 Philippo
668 2283 706 2319 et
726 2281 949 2319 Alexandro
976 2281 1256 2320 Macedonibus
1277 2283 1389 2322 libris

39 2340 196 2388 saepius
218 2354 351 2378 verum
371 2341 520 2390 primus
540 2341 704 2388 invenit,
730 2340 947 2379 tribuerim.
999 2341 1134 2378 Editio
1161 2342 1265 2378 enim
1285 2343 1384 2393 Lug·
