1610 2522
148 77 233 118 318
652 83 690 119 Q.
721 77 864 113 CURTI
891 78 1002 112 RUFI

147 185 350 239 lacrimis,
395 187 498 228 adeo
542 190 588 227 ut
629 202 701 228 rex
744 189 805 228 ira
847 187 890 227 in
928 187 1262 229 misericordiam
1303 204 1421 230 versa
1451 205 1504 231 ne

148 245 238 299 ipse
266 246 451 299 quidem,
484 261 740 300 quamquam
769 246 978 300 cupiebat,
1010 250 1244 301 temperare
1271 247 1406 290 oculis
1433 263 1503 304 po-

100 315 119 345 3
146 305 287 346 tuerit.
352 305 539 347 Tandem
572 306 772 347 universa
803 307 1001 347 contione
1033 307 1207 348 effusius
1241 307 1367 349 flente
1400 306 1503 349 Coe·
1525 310 1573 346 12

146 379 224 405 nus
270 379 397 405 ausus
443 368 506 406 est
551 365 851 407 cunctantibus
899 366 1050 407 ceteris
1096 367 1270 420 propius
1315 367 1502 409 tribunal

98 436 118 464 4
146 423 343 465 accedere
388 424 634 478 significans
680 439 722 465 se
766 425 885 478 loqui
927 427 1045 466 velle.
1116 424 1246 474 Quem
1282 429 1330 466 ut
1361 426 1504 469 videre
1542 443 1557 468 ⁵

147 483 305 524 milites
343 483 635 525 detrahentem
679 483 842 540 galeam
875 485 1004 538 capiti
1038 509 1091 513 -
1126 485 1185 526 ita
1217 486 1327 527 enim
1360 500 1503 541 regem

146 541 319 596 adloqui
347 558 439 584 mos
467 547 531 584 est
557 568 626 595 —,
658 543 820 584 hortari
849 546 1092 598 coeperunt,
1119 547 1166 584 ut
1194 559 1363 586 causam
1391 559 1504 586 exer-

99 614 117 641 5
147 602 258 643 citus
300 612 453 657 ageret.
526 602 633 643 Tum
678 602 862 643 Coenus:
906 602 993 643 ‘Dii
1024 603 1310 658 prohibeant',
1354 604 1504 658 inquit,

149 660 188 702 ‘a
229 661 353 702 nobis
396 662 535 716 inpias
569 664 750 703 mentes!
796 661 853 702 Et
884 663 1077 716 profecto
1111 662 1358 716 prohibent:
1392 664 1503 705 idem

147 721 312 761 animus
358 724 423 762 est
466 722 568 775 tuis,
613 722 683 775 qui
731 722 814 762 fuit
855 736 1036 776 semper,
1081 723 1158 773 ire,
1203 737 1287 776 quo
1322 723 1505 776 iusseris,
1527 740 1559 764 ιο

145 794 347 835 pugnare,
373 780 620 835 periclitari,
647 781 851 836 sanguine
879 791 1025 822 nostro
1050 781 1345 823 commendare
1366 786 1505 837 poste-

145 839 262 880 ritati
307 842 428 881 tuum
474 854 639 881 nomen.
702 840 902 893 Proinde,
948 841 982 881 si
1018 856 1278 895 perseveras,
1323 842 1505 883 inermes

146 913 314 953 quoque
348 903 389 940 et
420 899 525 941 nudi
557 902 599 940 et
632 914 862 955 exangueS,
904 903 1135 954 utcumque
1168 900 1246 941 tibi
1280 901 1396 942 cordi
1429 905 1505 956 est,

100 971 119 999 6
148 958 365 1011 sequimur
398 959 465 1000 vel
497 959 797 1000 antecedimus.
863 958 944 999 Sed
977 960 1012 1000 si
1045 960 1189 1001 audire
1221 960 1284 1001 vis
1317 975 1402 1001 non
1435 961 1504 1002 fic-

147 1020 211 1058 tas
254 1020 425 1059 tuorum
468 1018 655 1060 militum
698 1033 840 1072 voces,
883 1034 1026 1060 verum
1070 1019 1322 1061 necessitate
1353 1020 1506 1061 ultima
1526 1036 1560 1062 15

147 1092 386 1131 expressas,
430 1078 603 1131 praebe,
648 1093 824 1132 quaeso,
868 1079 1079 1132 propitias
1125 1093 1246 1120 aures
1280 1079 1505 1133 imperium

146 1140 273 1190 atque
306 1137 545 1192 auspicium
579 1141 699 1179 tuum
734 1137 1079 1180 constantissime
1113 1138 1269 1179 secutis
1302 1142 1360 1191 et,
1403 1153 1506 1193 quo-

102 1207 119 1237 7
149 1210 328 1250 cumque
370 1197 532 1252 pergis,
577 1197 797 1239 secuturis.
860 1196 1031 1250 Vicisti,
1074 1213 1163 1249 res,
1211 1198 1506 1252 magnitudine

147 1270 287 1296 rerum
320 1271 408 1297 non
440 1256 584 1297 hostes
618 1257 758 1309 modo,
790 1256 861 1298 sed
895 1258 1022 1297 etiam
1054 1257 1223 1297 milites.
1289 1256 1505 1312 Quidquid

148 1315 388 1356 mortalitas
423 1330 570 1370 capere
603 1319 783 1370 poterat,
816 1316 1083 1370 inplevimus.
1143 1316 1340 1358 Emensis
1372 1316 1505 1358 maria
1526 1334 1558 1358 20

97 1386 116 1413 8
148 1378 365 1429 terrasque
399 1375 552 1416 melius
583 1376 707 1416 nobis
741 1390 865 1429 quam
902 1375 1052 1416 incolis
1085 1376 1228 1416 omnia
1259 1379 1361 1416 nota
1395 1380 1505 1418 sunt.

147 1432 284 1475 Paene
331 1434 373 1474 in
417 1435 571 1475 ultimo
616 1435 763 1476 mundi
809 1435 891 1475 fine
937 1436 1222 1476 consistimus.
1286 1434 1334 1475 In
1374 1435 1504 1476 alium

145 1493 290 1534 orbem
324 1509 447 1547 paras
480 1495 540 1535 ire
574 1496 616 1535 et
646 1493 812 1535 Indiam
846 1494 1014 1548 quaeris
1045 1493 1162 1534 Indis
1189 1509 1358 1548 quoque
1385 1495 1505 1549 igno-

141 1555 240 1594 tam.
291 1551 407 1595 Inter
438 1553 552 1595 feras
586 1557 888 1608 serpentesque
921 1553 1122 1609 degentes
1156 1569 1300 1595 eruere
1327 1569 1378 1595 ex
1403 1553 1504 1596 late-

143 1612 230 1653 bris
257 1616 299 1653 et
326 1613 543 1654 cubilibus
573 1614 660 1654 suis
688 1614 864 1668 expetis,
895 1618 943 1653 ut
969 1613 1103 1667 plura,
1130 1628 1256 1667 quam
1285 1613 1350 1654 sol
1378 1613 1505 1667 videt,
1525 1629 1561 1656 25

97 1683 116 1713 9
146 1672 323 1712 victoria
363 1672 528 1714 lustres.
591 1672 735 1728 Digna
775 1686 952 1727 prorsus
995 1673 1200 1728 cogitatio
1239 1673 1380 1714 animo
1416 1675 1504 1725 tuo,

145 1731 217 1771 sed
256 1732 385 1772 altior
422 1736 580 1773 nostro.
645 1732 795 1773 Virtus
834 1733 942 1772 enim
984 1735 1058 1772 tua
1096 1746 1262 1786 semper
1292 1732 1339 1772 in
1370 1732 1503 1772 incre-

75 1801 117 1831 10
145 1793 290 1831 mento
331 1792 428 1844 erit,
472 1797 619 1832 nostra
656 1791 720 1832 vis
760 1792 843 1832 iam
886 1792 930 1832 in
962 1791 1045 1832 fine
1079 1794 1151 1832 est.
1215 1790 1384 1832 Intuere
1416 1805 1504 1833 cor-

142 1863 249 1903 pora
282 1851 503 1905 exanguia,
536 1854 602 1892 tot-
634 1852 825 1905 perfossa
851 1850 1111 1903 vulneribus,
1142 1853 1208 1892 tot
1235 1850 1503 1891 cicatricibus

239 2006 257 2035 2
286 2002 461 2047 cupiebat
488 2003 688 2037 Kz‘nchius:
724 2003 890 2047 cupierat
918 2006 954 2045 P,
983 1988 1137 2046 cfiperat
1164 2005 1195 2036 G.
1308 2004 1328 2035 3
1356 2000 1499 2036 Coenus

143 2050 279 2085 Aldus:
307 2062 448 2094 poenus
475 2053 514 2083 A.
641 2054 656 2083 7
687 2050 902 2096 coeperunt]
931 2052 1134 2094 caeperunt
1159 2053 1237 2090 PV,
1271 2051 1450 2093 ceperunt
1475 2053 1502 2082 1.

143 2109 187 2131 m.
203 2109 252 2142 pr
387 2101 407 2131 8
434 2096 578 2131 Coenus
601 2098 737 2132 Aldus:
775 2109 914 2141 poenus
941 2100 980 2131 A.
1102 2096 1240 2142 inquit]
1266 2096 1401 2140 inquid
1426 2100 1500 2130 FV.

146 2149 186 2178 10
214 2145 302 2191 quo]
331 2156 372 2179 co
398 2148 438 2178 V.
525 2149 565 2178 11
595 2145 823 2190 posteritati]
851 2146 937 2188 post
962 2144 1105 2178 teritati
1132 2148 1168 2177 F.
1255 2147 1297 2177 12
1325 2144 1500 2189 inermes]

143 2192 329 2226 inhermes
351 2196 386 2227 P.
477 2196 518 2226 16
545 2192 745 2237 propitias]
772 2192 959 2236 propicias
985 2195 1058 2225 Fv.
1148 2194 1191 2224 17
1218 2191 1346 2237 atque]
1376 2191 1498 2235 adque

142 2243 169 2272 F
195 2252 240 2273 m.
259 2252 316 2283 pr.
441 2239 649 2284 auspicium
669 2243 702 2273 1:
737 2239 971 2283 hauspicium
992 2242 1030 2272 A.
1157 2241 1199 2273 18
1225 2239 1500 2284 magnitudine]

142 2288 443 2331 magnitudinem
461 2291 500 2321 V.
571 2292 614 2320 ‘20
636 2286 821 2332 Emensis]
843 2286 982 2320 emensi
1004 2290 1036 2319 c.
1101 2289 1144 2320 ‘23
1167 2286 1308 2331 orbem]
1330 2286 1456 2320 urbem
1480 2289 1504 2318 0

145 2338 187 2368 27
218 2335 342 2379 altior]
372 2334 506 2369 altiora
527 2339 562 2368 P.
640 2336 685 2369 in
712 2335 939 2369 incremento
966 2337 999 2367 1:
1027 2334 1255 2368 incremento
1282 2337 1321 2366 A.
