1610 2522
158 443 165 458 C

127 1262 166 1289 lo

124 1501 160 1528 11

206 72 284 112 121³,
701 70 740 113 Q.
768 71 909 106 CURTJ
942 71 1049 105 RUFI

201 180 343 233 dibus,
388 181 593 234 quosdam
639 180 837 221 manibus
889 180 1148 235 auribusque
1194 181 1423 234 amputatis
1468 181 1556 222 inu-

200 240 364 293 stisque
408 240 679 281 barbararum
724 240 963 280 litterarum
1013 241 1126 281 notis
1172 240 1212 280 in
1264 241 1440 295 longum
1492 241 1556 282 sui

200 298 431 340 ludibrium
479 303 796 340 reservaverant
840 302 899 352 et,
945 314 1038 339 cum
1085 314 1129 340 se
1181 313 1352 354 quoque
1396 299 1557 342 alienae

201 358 379 399 dicionis
425 372 514 399 esse
559 362 797 412 vomerent,
846 359 1034 399 volentes
1076 359 1163 414 regi
1210 373 1427 400 occurrere
1471 374 1557 401 non

154 429 170 435 ”
199 417 519 471 111-01111111913111.
545 456 547 459 .
576 417 800 459 Invisitata
833 418 1068 471 simulacra,
1101 432 1184 459 11011
1220 419 1414 459 homines
1446 418 1556 460 vide·
1593 438 1602 462 ε

200 477 370 529 bantur,
405 492 481 519 nec
514 479 741 530 quicquam
784 477 823 517 in
865 477 948 518 illis
987 480 1156 531 praeter
1196 492 1340 519 vocem
1389 481 1557 532 poterat

199 537 382 591 agnosci.
435 536 582 577 l'lures
617 537 750 592 igitur
782 537 978 577 lacrimas
1005 551 1283 589 commovere,
1317 552 1441 591 quam
1463 552 1557 592 pro-

198 595 397 636 fuderant
437 596 535 649 ipsi:
575 596 734 650 quippe
777 596 819 636 in
859 599 944 637 tam
981 597 1209 651 multiplici
1243 597 1442 650 variaque
1475 597 1556 638 for·

198 658 302 695 tuna
334 655 601 711 singulorum
624 655 890 696 intuentibus
912 655 1071 697 similes
1099 656 1281 710 quidem,
1315 656 1387 697 sed
1414 659 1555 697 tamen

198 714 387 769 dispares
414 729 586 769 poenas,
619 715 715 768 quis
748 715 933 756 maxime
954 715 1208 757 miserabilis
1241 719 1363 769 esset,
1396 716 1556 770 liquere
1577 734 1610 760 ιο

198 787 280 814 non
328 777 506 829 poterat.
576 774 635 816 Ut
680 789 777 815 vero
828 773 972 815 Iovem
1019 775 1081 815 illi
1123 775 1313 828 tandem,
1359 773 1556 818 Graeciae

197 834 399 887 ultorem,
444 835 662 889 aperuisse
707 835 852 876 oculos
897 835 1233 888 conclamavere,
1278 849 1425 876 omnes
1463 835 1555 890 pari

197 893 409 947 supplicio
450 893 604 934 adfecti
635 893 717 934 sibi
750 893 1016 935 videbantur.
1079 893 1170 934 Rex
1205 894 1419 949 abstersis,
1451 909 1554 948 quas

196 952 457 1007 profuderat,
498 952 684 994 lacrimis
726 952 886 994 bonum
919 952 1074 994 habere
1107 954 1294 994 animum
1331 953 1459 1003 iubet,
1497 955 1555 995 vi-

196 1026 318 1053 suros
340 1012 465 1053 urbes
493 1026 591 1053 suas
620 1012 920 1068 coniugesque,
941 1016 983 1054 et
1003 1016 1142 1054 castra
1169 1012 1227 1053 ibi
1255 1013 1338 1054 duo
1366 1014 1417 1054 ab
1451 1013 1555 1055 urbe
1576 1030 1607 1056 15

148 1084 155 1111 ε
196 1071 333 1112 stadia
360 1072 606 1113 communit.
653 1072 801 1113 Graeci
835 1076 1101 1114 excesserant
1121 1073 1233 1113 vallo
1267 1072 1552 1126 deliberaturi,
1578 1077 1610 1112 1!

196 1131 298 1184 quid
330 1131 600 1186 potissimum
636 1147 659 1171 a
694 1146 791 1187 rege
824 1134 1037 1187 peterent:
1072 1146 1253 1186 cumque
1286 1132 1380 1173 aliis
1413 1107 1552 1174 sedeni

194 1190 237 1230 111
261 1191 363 1231 Asia
396 1205 558 1246 rogare,
592 1191 686 1232 aliis
720 1192 875 1233 reverti
903 1191 1052 1232 domos
1084 1193 1282 1257 placeret,
1315 1191 1550 1233 Euctemon

195 1250 402 1304 tymaeus
437 1251 496 1291 ita
526 1251 695 1291 locutus
722 1250 773 1291 ad
799 1265 870 1291 eos
897 1251 1051 1292 fertur:
1086 1249 1149 1304 ‘Ii,
1171 1251 1242 1305 qui
1264 1251 1391 1292 modo
1424 1251 1551 1293 etiam

193 1294 246 1350 3(1
286 1324 409 1364 opem
453 1310 679 1365 petendam
723 1325 772 1351 ex
811 1310 1001 1351 tenebris
1043 1314 1085 1352 et
1129 1324 1293 1351 carcere
1325 1311 1607 1365 procederem

194 1369 461 1422 erubuimus,
501 1372 548 1410 ut
592 1384 705 1410 nunc
737 1372 819 1423 est,
861 1370 1072 1425 supplicia
1102 1372 1249 1411 nostra
1283 1395 1337 1399 —
1371 1385 1549 1424 quorum

192 1443 271 1469 nos
303 1428 461 1483 pudeat
493 1429 630 1483 magis
663 1444 717 1470 an
748 1429 978 1484 paeniteat,
1011 1429 1218 1470 incertum
1252 1432 1316 1470 est
1338 1455 1391 1458 —
1414 1433 1552 1471 osten-

193 1490 282 1528 tare
311 1486 509 1529 Graeciae
529 1490 646 1530 velut
665 1490 824 1530 laetum
846 1490 1136 1543 spectaculum
1165 1489 1371 1543 cupimus.
1416 1488 1550 1544 Atqui

193 1547 353 1601 optime
391 1548 584 1588 miserias
616 1548 780 1601 ferunt,
814 1548 885 1602 qui
920 1547 1205 1599 abscondunt,
1236 1563 1315 1590 nec
1346 1549 1433 1590 ulla
1464 1552 1549 1590 tam

193 1606 416 1647 familiaris
450 1610 513 1648 est
547 1607 791 1649 infelicibus
812 1607 949 1661 patria
972 1623 1098 1661 quam
1121 1608 1307 1649 solitudo
1341 1611 1383 1649 et
1415 1611 1549 1650 status
1571 1625 1603 1652 25

192 1666 348 1720 prioris
387 1665 558 1708 oblivio.
621 1666 732 1708 Nam
767 1667 838 1721 qui
882 1668 1063 1708 multum
1107 1667 1149 1707 in
1183 1681 1355 1708 suorum
1390 1667 1549 1709 miseri-

193 1726 334 1766 cordia
361 1729 540 1780 ponunt,
572 1726 784 1780 ignorant,
811 1740 936 1779 quam
969 1726 1161 1767 celeriter
1192 1727 1391 1767 lacrimae
1417 1727 1548 1768 inare-

145 1806 150 1812 ·
193 1787 322 1826 scant.
396 1784 533 1825 Nemo
567 1785 750 1826 fideliter
783 1785 942 1841 diligit,
985 1800 1109 1839 quem
1141 1785 1325 1827 fastidit:
1367 1801 1463 1827 113111
1507 1792 1547 1827 et

191 1844 411 1885 calamitas
456 1845 633 1898 querula
671 1849 735 1885 est
776 1847 818 1885 et
853 1844 1033 1899 superba
1073 1844 1267 1886 felicitas.
1330 1843 1393 1886 Ita
1427 1860 1544 1887 suam

191 1903 371 1957 quisque
410 1904 626 1944 fortunam
666 1904 706 1944 in
747 1904 924 1945 consilio
971 1903 1118 1958 habet,
1164 1918 1258 1944 cum
1311 1904 1360 1946 de
1411 1905 1547 1946 3119113
1567 1923 1601 1947 3ο

289 2049 302 2076 1
334 2044 558 2089 inustisque}
586 2043 719 2077 inustis
746 2047 785 2078 V.
874 2048 892 2077 2
920 2043 1088 2088 longum}
1116 2043 1188 2077 lon‹
1181 2055 1293 2087 guum
1320 2049 1356 2079 P.
1444 2050 1463 2079 4
1492 2046 1544 2079 di-

191 2091 322 2137 cionis]
346 2091 497 2125 ditionis
518 2096 555 2134 P
583 2091 756 2125 dictionis
778 2094 803 2125 B
824 2104 867 2125 ιη.
884 2103 943 2135 pr.
964 2095 990 2124 F
1010 2103 1129 2135 111.])1·,
1215 2096 1234 2123 5
1262 2091 1545 2139 prohibuerant}

190 2139 431 2191 prohibcrant
458 2143 483 2172 P
506 2151 547 2172 m.
571 2151 627 2182 pr.
706 2144 744 2173 11
776 2138 970 2184 Graeciae]
997 2139 1140 2184 gretiae
1159 2142 1194 2172 L.
1271 2144 1312 2173 12
1340 2141 1544 2186 aperuisse]

191 2186 405 2230 apperuisst¹
418 2190 453 2225 Ρ
469 2186 780 2231 3ρῐ13τυίεεθῖ11ι
793 2199 850 2230 pr.
902 2185 1194 2241 conclamavere]
1211 2185 1471 2222 clamauereV

191 2234 333 2279 omnes]
361 2234 480 2268 onmis
507 2238 532 2267 P
556 2247 596 2268 m
613 2239 815 2278 pr.15
844 2233 893 2267 ibi
920 2235 1066 2278 scripse:
1094 2234 1130 2267 in
1152 2237 1190 2268 A.
1293 2238 1334 2268 19
1363 2234 1543 2279 C5maeus

194 2282 320 2316 Aldus:
349 2292 499 2325 cymeus
526 2284 571 2316 A.
680 2286 722 2315 23
751 2281 881 2327 Atqui]
909 2281 1020 2324 adqui
1050 2285 1116 2314 LP.
1228 2286 1270 2316 24
1298 2282 1453 2329 optime]
1481 2283 1543 2318 ob—

191 2329 278 2362 timo·
305 2332 344 2362 V.
445 2333 488 2363 28
515 2329 639 2375 qut-ni]
667 2340 779 2372 quam
806 2333 840 2362 P.
