1610 2522
101 278 121 307 9

80 516 122 544 10

81 635 119 663 11

83 1169 125 1199 13

83 1349 125 1378 14

151 96 233 137 188
650 96 688 138 Q.
718 95 860 130 CURTI
888 97 1000 131 RUFI

149 206 198 246 de
232 206 465 246 coniuratis
499 205 605 246 scire
638 205 859 257 voluisset,
900 220 1000 247 num
1039 206 1166 248 hodie
1199 206 1379 249 dicerem
1413 222 1504 249 cau-

150 280 238 305 sam
272 267 390 306 nullo
424 279 492 306 me
524 264 801 306 nominante?
846 264 1041 318 Dymnus
1073 280 1172 307 sane
1206 269 1252 306 ut
1284 267 1401 308 vivat
1432 267 1504 308 ad—

150 324 232 365 huc
265 327 307 365 et
339 323 442 365 velit
475 323 581 365 mihi
606 338 792 379 parcere,
824 324 925 378 quid
953 326 1110 366 ceteri?
1154 323 1235 374 Qui
1263 325 1312 367 de
1338 340 1382 367 se
1409 340 1505 369 con-

150 384 396 437 fitebuntur,
411 398 477 424 me
493 382 688 425 videlicet
703 383 970 424 subtrahent!
992 384 1181 440 Maligna
1195 388 1260 425 est
1275 385 1505 439 calamitas,

149 445 191 483 et
223 443 311 483 fere
343 443 509 496 noxius,
541 456 636 484 cum
671 458 747 483 suo
775 442 987 497 supplicio
1016 445 1238 497 crucietur,
1271 444 1507 499 adquiescit
1543 462 1561 487 5

150 501 298 543 alieno.
380 501 463 543 Tot
510 502 668 542 conscii
712 517 764 544 ne
808 502 852 543 in
891 503 1082 544 eculeum
1125 503 1294 557 quidem
1329 503 1505 558 inpositi

151 575 295 602 verum
338 561 618 603 fatebuntur‘.>
668 560 800 616 Atqui
847 576 969 603 nemo
1009 563 1144 616 parcit
1182 563 1390 605 morituro
1430 577 1506 605 nec

151 621 349 674 cuiquam
388 622 638 675 moriturus,
683 623 731 661 ut
770 621 932 675 opinor.
996 621 1063 663 Ad
1096 636 1241 664 verum
1274 623 1432 664 crimen
1465 625 1507 665 et
1526 627 1580 663 38

150 679 201 720 ad
240 694 371 721 unum
410 680 706 721 revertendum
745 680 850 721 mihi
889 683 968 721 est:
1008 695 1082 722 eur
1118 695 1206 723 rem
1240 681 1422 723 delatam
1454 681 1506 723 ad

150 742 191 780 te
224 739 426 780 tacuisti?
460 753 534 781 cur
566 744 654 780 tam
688 754 860 781 securus
893 739 1078 781 audisti?
1128 740 1234 794 Hoc,
1266 741 1505 795 qualecum-
1526 761 1560 785 ιο

151 812 233 852 que
265 801 347 850 est,
387 798 581 840 confesso
616 798 739 851 1111111,
772 798 1028 853 ubicumque
1061 814 1122 853 es,
1155 800 1414 854 Alexander,
1446 815 1506 850 re-

151 858 322 899 misisti:
368 858 583 899 dexteram
617 861 734 899 tuam
768 858 1008 913 amplexus,
1051 859 1313 901 reconciliati
1350 860 1507 916 pignus

152 917 301 971 animi,
346 917 540 958 convivio
587 932 756 971 quoque
801 918 987 959 interfui.
1052 917 1096 959 Si
1142 918 1356 960 credidisti
1390 919 1507 972 mihi,

152 976 373 1018 absolutus
417 991 529 1030 sum,
575 977 608 1017 si
648 978 894 1031 pepercisti,
938 977 1155 1020 dimissus:
1199 979 1266 1019 vel
1301 978 1505 1020 iudicium

152 1038 272 1077 tuum
311 1051 442 1077 serva.
505 1036 617 1086 Quid
655 1036 733 1077 hac
768 1037 964 1091 proxima
994 1040 1134 1091 nocte,
1179 1053 1262 1092 qua
1293 1037 1506 1094 digressus
1528 1057 1563 1081 15

153 1110 245 1136 sum
280 1110 303 1136 a
335 1110 481 1137 mensa
512 1098 605 1149 tua,
635 1096 746 1136 feci?
789 1096 900 1150 quod
934 1111 1091 1137 novum
1124 1097 1290 1139 facinus
1321 1097 1507 1139 delatum

153 1154 205 1195 ad
244 1158 285 1195 te
323 1155 506 1195 mutavit
548 1155 734 1196 animum
774 1156 924 1197 tuum‘?
981 1155 1109 1197 Gravi
1149 1171 1301 1224 sopore
1336 1157 1507 1223 adquie-

153 1214 333 1268 scebam,
367 1228 462 1255 cum
495 1230 562 1255 me
595 1214 719 1255 malis
749 1215 1076 1257 indormientem
1109 1216 1191 1257 mei
1225 1216 1385 1257 inimici
1419 1216 1508 1257 vin-

155 1273 302 1315 ciendo
331 1273 634 1315 excitaverunt
685 1273 810 1316 Unde
837 1277 878 1316 et
903 1275 1137 1329 parricidae
1164 1278 1205 1316 et
1230 1275 1399 1330 prodito
1421 1278 1507 1316 tam

153 1332 229 1374 alti
274 1334 393 1387 quies
439 1334 608 1374 somni?
677 1332 878 1375 Scelerati
929 1335 1187 1376 conscientia
1238 1335 1565 1389 obstrepentem

153 1392 418 1434 condormire
450 1407 535 1433 non
568 1396 768 1447 possunt:
801 1394 966 1447 agitant
1000 1408 1071 1435 eos
1102 1393 1252 1435 Furiae
1286 1394 1410 1449 [non]
1443 1407 1507 1435 co-

153 1452 289 1507 gitato
321 1452 462 1504 modo,
494 1452 647 1493 nedum
683 1456 976 1494 consummato
1009 1453 1248 1508 parricidio.
1312 1454 1370 1495 At
1402 1451 1509 1495 mihi

153 1511 424 1552 securitatem
450 1511 633 1565 primum
661 1512 903 1553 innocentia
929 1527 1034 1566 mea,
1061 1513 1210 1554 deinde
1237 1516 1309 1554 tua
1337 1513 1509 1554 dextera.

154 1570 385 1611 obtulerat:
426 1585 510 1612 non
546 1572 682 1621 timui,
720 1586 772 1612 ne
799 1571 895 1625 plus
928 1571 1088 1613 alienae
1123 1572 1361 1613 crudelitati
1396 1571 1507 1626 apud

251 1740 269 1769 ‘2
297 1737 338 1769 ut
360 1736 516 1780 Ieepius:
540 1739 576 1769 et
595 1739 632 1768 A.
710 1736 810 1770 vivat
829 1737 967 1771 Aldus:
993 1736 1097 1770 uiuet
1117 1740 1142 1769 P
1162 1749 1206 1770 m.
1226 1749 1295 1780 pr„
1314 1737 1460 1771 uiueret
1474 1740 1507 1771 c.

155 1788 173 1816 3
200 1783 289 1817 velit
316 1784 453 1818 Aldus:
481 1782 584 1817 uelut
609 1786 648 1816 A.
746 1794 898 1827 parcere
919 1787 945 1817 B
965 1796 1009 1817 m.
1025 1796 1083 1828 pr.
1105 1788 1164 1817 ΕΙ,
1186 1797 1228 1818 m.
1243 1796 1303 1828 pr.
1324 1787 1349 1817 P
1370 1796 1414 1818 m.
1429 1795 1506 1828 pru:

153 1831 297 1875 parceri
318 1834 356 1863 V.
441 1830 547 1876 quid]
575 1830 673 1874 quod
695 1834 720 1863 P
742 1843 784 1865 m.
805 1843 859 1875 pr.
947 1835 968 1864 4
995 1831 1230 1877 subtrahent]
1259 1831 1449 1866 subtraent
1471 1835 1507 1874 L,

155 1878 382 1912 subtrahunt
406 1881 431 1911 P
454 1889 496 1911 m.
512 1890 571 1922 pr.
672 1882 692 1912 5
718 1878 810 1924 fere]
837 1889 923 1913 uere
944 1883 981 1920 F
1008 1878 1109 1913 fuere
1136 1882 1161 1912 L
1182 1891 1225 1913 m.
1241 1891 1319 1923 pr„
1345 1879 1382 1912 111
1412 1890 1506 1913 mar·

153 1927 236 1970 gline
263 1926 380 1960 culs-er.
408 1936 504 1959 uere.
597 1925 822 1971 adquiescit]
849 1926 1050 1969 atquiescit
1075 1930 1110 1960 P.
1196 1930 1215 1959 6
1242 1937 1288 1961 118
1313 1930 1440 1960 1:11ec
1467 1929 1507 1960 A.

157 1977 173 2006 Τ
204 1973 332 2019 Atqui]
361 1975 472 2016 atque
499 1976 524 2005 B
554 1985 598 2007 m.
621 1984 680 2017 pr.
787 1977 805 2007 9
838 1974 1113 2020 ievertendum]
1145 1973 1456 2018 praeuertendum
1482 1977 1507 2006 P

157 2034 198 2054 ηι.
215 2033 274 2065 pr.
364 2024 405 2054 12
427 2020 636 2072 amplexus]
657 2019 786 2064 plexus
801 2024 826 2054 P
841 2033 884 2055 m
901 2033 960 2066 pr.
1053 2025 1094 2055 14
1115 2021 1311 2066 iudicium]
1331 2021 1508 2055 iuditium

154 2072 226 2101 LV.
324 2073 364 2102 15
393 2067 505 2114 Quid]
533 2079 595 2111 qui
623 2070 661 2100 V.
755 2067 840 2114 hac]
868 2079 909 2102 ac
936 2072 1003 2101 LP.
1093 2073 1135 2102 16
1162 2069 1305 2114 mensa]
1332 2079 1456 2103 mense
1482 2072 1508 2101 P

154 2128 199 2150 m.
215 2127 275 2160 pr.
363 2119 404 2149 17
432 2115 479 2149 ad
500 2118 536 2149 te
558 2127 623 2149 mn.
644 2118 669 2147 P
693 2127 734 2148 m
750 2127 808 2160 pr
898 2115 1006 2149 Gravi
1027 2116 1215 2161 soporeh,
1195 2116 1319 2150 orauis
1341 2126 1450 2160 opere
1470 2119 1507 2149 P

158 2167 199 2196 1²⁴
220 2163 291 2196 mei
319 2164 465 2207 scripsi:
493 2162 584 2196 meis
605 2166 643 2195 A.
758 2162 916 2208 inimici]
943 2163 981 2196 in
1007 2166 1032 2196 P
1055 2175 1096 2197 m
1112 2175 1171 2208 pr.
1290 2167 1332 2197 19
1358 2163 1507 2208 prodito

156 2211 368 2245 Aeidalins:
396 2210 578 2254 proditori
605 2213 644 2243 A.
737 2214 778 2244 21
809 2209 1038 2244 condormire
1067 2211 1236 2246 Uedius:
1265 2210 1508 2245 comdormire

155 2261 179 2290 P
207 2271 247 2291 m.
268 2269 339 2301 pru,
364 2269 447 2292 cum
473 2257 631 2292 dormire
656 2261 689 2290 G.
770 2269 835 2301 po
823 2258 942 2303 sunt]
968 2261 1120 2301 possent·
1139 2262 1177 2292 V
1254 2258 1358 2304 [non]
1386 2258 1507 2292 delevi.

157 2309 199 2338 22
227 2306 362 2339 nedum
390 2307 535 2349 scripsi:
564 2305 628 2339 sed
649 2305 761 2339 etiam
782 2308 821 2339 A.
909 2306 974 2351 At]
1002 2306 1047 2338 ad
1075 2309 1100 2338 P
1123 2318 1164 2340 m.
1180 2319 1237 2349 pr.
1333 2310 1375 2339 ‘23
1403 2305 1508 2338 inno-

155 2352 295 2398 centia]
322 2352 541 2387 innocencia
567 2356 606 2385 V.
713 2356 754 2386 24
783 2352 1011 2398 crudelitati]
1039 2353 1246 2387 credelitati
1274 2357 1299 2386 P
1321 2365 1438 2397 mpr.
