1610 2522
42 740 75 765 10

41 1035 73 1061 15

40 1333 72 1358 20

39 1629 72 1654 25

349 76 686 112 HISTORIARUM
712 76 994 111 ALEXANDRI
1020 77 1114 117 VIII,
1144 81 1196 111 14.
1365 78 1450 118 305

95 188 266 229 tandem
298 186 468 242 fatigati
501 200 600 227 suos
633 185 794 240 impetu
828 189 1034 239 sternunt,
1066 188 1118 234 et,
1152 187 1225 240 qui
1256 188 1452 227 rexerant

96 261 180 301 eos,
213 246 480 301 praecipitati
515 246 558 286 in
583 248 740 286 terram
768 245 820 286 ab
849 245 951 299 ipsis
980 245 1295 287 obterebantur.
1342 244 1451 286 Iam-

95 321 176 360 que
217 320 420 361 peoorum
461 305 588 346 modo
631 305 767 359 magis
805 304 948 359 pavidi
991 319 1117 359 quam
1158 305 1302 346 infesti
1341 304 1452 346 ultra

96 366 228 407 aciem
270 365 565 421 exigebantur,
611 379 705 405 cum
748 364 880 406 Porus
923 364 1150 405 destitutus
1192 380 1215 405 a
1257 364 1451 418 pluribus

94 426 180 466 tela
212 425 349 466 multa
381 427 478 465 ante
511 426 760 478 praeparata
793 425 836 464 in
868 424 1147 465 circumfusos
1178 439 1229 465 ex
1255 423 1450 477 elephan-

95 488 138 525 to
166 499 241 526 suo
269 485 410 539 coepit
436 484 637 539 ingerere.
671 482 904 537 Multisque
934 484 1099 524 eminus
1125 484 1358 524 vulneratis
1385 498 1451 524 ex-

94 545 260 598 positus
300 544 388 597 ipse
427 543 478 584 ad
511 543 620 583 ictus
653 543 839 597 undique
873 543 1105 597 petebatur.
1166 542 1335 584 Novem
1367 543 1450 584 iam

94 604 268 644 vulnera
305 603 406 644 hinc
438 606 576 657 tergo,
620 602 739 644 illino
770 605 941 656 pectore
974 605 1198 657 exceperat
1229 602 1451 656 multoque

95 663 302 715 sanguine
328 662 504 716 profuso
530 661 744 717 languidis
771 662 967 702 manibus
995 663 1132 717 magis
1159 662 1303 716 elapsa
1324 676 1450 716 quam

94 736 271 763 excussa
314 721 397 762 tela
441 721 648 762 mittebat.
727 720 818 762 Nec
863 722 1035 777 segnius
1081 722 1206 763 belua
1250 722 1452 762 instincta

93 781 221 834 rabie,
247 781 435 822 nondum
464 781 606 822 saucia
633 780 912 822 invehebatur
938 781 1171 834 ordinibus,
1205 781 1339 822 donec
1367 795 1452 821 rec-

94 844 162 882 tor
199 842 347 882 beluae
386 854 529 894 regem
568 840 790 894 conspexit
829 840 1058 882 fluentibus
1090 841 1292 882 membris
1326 841 1451 881 omis-

94 901 235 954 sisque
274 900 403 940 armis
440 900 512 940 vix
549 902 791 954 compotem
829 900 995 941 mentis.
1058 899 1166 940 Tum
1206 900 1375 940 beluam
1408 900 1451 941 in

92 959 240 1014 fugam
285 959 471 1000 concitat
516 962 718 1013 sequente
762 958 1023 1000 Alexandro:
1069 959 1143 1000 sed
1184 974 1317 1013 equus
1360 959 1450 1000 eius

93 1018 239 1060 multis
272 1018 519 1060 vulneribus
553 1018 776 1059 confossus
812 1019 1095 1073 deficiensque
1121 1018 1352 1072 procubuit
1378 1033 1451 1073 po-

93 1079 175 1119 sito
221 1078 358 1133 magis
402 1092 500 1133 rege
546 1093 673 1132 quam
719 1078 862 1119 effuso.
936 1077 1105 1132 Itaque,
1151 1078 1251 1119 dum
1293 1093 1449 1132 equum

93 1141 247 1190 mutat,
291 1137 453 1178 tardius
492 1137 710 1179 insecutus
749 1140 823 1178 est.
886 1136 1065 1179 Interim
1106 1138 1239 1178 frater
1278 1137 1451 1192 Taxilis,

92 1198 204 1252 regis
235 1195 451 1248 Indorum,
488 1197 745 1251 praemissus
778 1197 829 1238 ab
862 1196 1105 1238 Alexandro
1144 1211 1315 1238 monere
1360 1211 1450 1238 coe-

92 1256 156 1310 pit
188 1255 357 1309 Pomm,
388 1271 442 1297 ne
474 1256 627 1297 ultima
659 1257 842 1310 experiri
874 1259 1163 1311 perseveraret
1196 1257 1450 1310 dederetque

93 1330 136 1356 se
168 1316 332 1356 victori.
396 1315 454 1356 At
486 1317 576 1369 isse,
622 1330 881 1369 quamquam
919 1317 1148 1357 exhaustae
1188 1319 1308 1357 erant
1340 1317 1449 1357 vires

93 1375 402 1429 deficiebatque
441 1376 632 1430 sanguis,
673 1378 812 1416 tamen
850 1376 902 1416 ad
933 1380 1082 1417 notam
1114 1389 1263 1417 vocem
1297 1376 1448 1416 excita-

92 1437 177 1475 tus:
211 1434 458 1488 ‘Agnosco',
490 1435 642 1488 inquit,
676 1434 854 1476 ‘Taxilis
887 1435 1072 1488 fratrem,
1113 1435 1282 1489 imperii
1312 1435 1451 1490 regni-

95 1508 175 1547 que
214 1494 278 1534 sui
317 1493 581 1548 proditoris,
624 1496 666 1534 et
698 1494 849 1548 telum⁷
894 1494 1008 1548 quod
1047 1509 1179 1535 unum
1218 1495 1328 1536 forte
1363 1509 1450 1536 non

93 1552 327 1605 effluxerat,
359 1554 568 1594 contorsit
600 1553 643 1593 in
676 1568 790 1594 euni:
830 1554 945 1606 quod
975 1568 1050 1607 per
1081 1554 1268 1595 medium
1302 1557 1450 1609 pectus

93 1612 332 1665 penetravit
363 1612 416 1653 ad
446 1615 628 1667 tergum.
679 1612 774 1654 Hoc
802 1613 956 1654 ultimo
983 1613 1154 1654 virtutis
1182 1627 1308 1667 opere
1336 1613 1449 1654 edito

93 1672 238 1725 fugere
283 1671 419 1712 aerius
465 1673 616 1726 coepit.
713 1671 796 1713 Sed
840 1672 1090 1726 elephantus
1136 1687 1323 1727 quoque,
1378 1674 1447 1727 qui

92 1730 226 1771 multa
270 1734 493 1785 exceperat
535 1731 638 1785 tela,
683 1731 922 1774 deficiebat:
968 1733 1112 1786 itaque
1151 1733 1264 1773 sistit
1302 1734 1449 1787 fugam

191 1864 206 1892 1
235 1859 403 1904 tandem]
430 1860 651 1894 tantundem
677 1864 712 1893 P.
819 1864 838 1893 2
866 1861 1018 1906 terram]
1045 1862 1143 1895 terra
1162 1864 1197 1894 L.
1296 1861 1449 1904 Iamque

97 1908 343 1941 Maetzelzz'us:
377 1907 507 1950 itaque
539 1910 577 1940 A.
702 1911 722 1941 4
750 1907 971 1954 destitutus]
1005 1908 1198 1943 distitutus
1231 1912 1256 1941 L
1283 1920 1327 1942 m.
1344 1920 1401 1952 pr.
1424 1912 1449 1941 P

96 1966 138 1987 m.
156 1966 212 1998 pr.
361 1958 379 1987 5
414 1954 532 1988 multa
560 1955 682 2000 Voyel:
716 1955 833 1989 multo
860 1959 898 1988 A.
1046 1960 1065 1990 6
1103 1957 1241 2002 coepit]
1279 1956 1378 2000 cepit
1411 1960 1448 1989 L.

95 2004 115 2034 8
142 2002 355 2047 exceperat]
383 2003 603 2045 excoeperat
622 2006 657 2037 P.
759 2006 801 2036 10
829 2003 998 2049 excussa]
1025 2014 1161 2037 excusa
1187 2007 1222 2037 P.
1324 2008 1364 2037 11
1393 2003 1449 2036 in-

96 2049 314 2094 vehebatur]
340 2050 563 2083 inueebatur
587 2053 625 2082 L.
726 2054 768 2084 12
796 2051 1032 2097 omissisque]
1059 2051 1261 2094 omisisque
1280 2054 1306 2083 B
1327 2063 1371 2084 m.
1392 2062 1447 2094 pr.

95 2099 202 2129 FPV.
302 2101 344 2130 15
373 2096 579 2141 confossus]
607 2097 778 2131 confosus
805 2102 834 2130 V
854 2110 898 2132 m.
915 2110 973 2142 pr.
1075 2102 1117 2132 16
1145 2099 1247 2143 rege]
1274 2110 1399 2142 regem
1420 2102 1448 2131 V

97 2155 139 2176 m.
156 2154 214 2186 pr.
369 2148 410 2177 19
445 2144 686 2190 dederetque]
721 2145 950 2188 dederecque
976 2149 1004 2179 V
1157 2149 1200 2179 22
1228 2146 1366 2191 inquit]
1393 2146 1447 2179 in-

96 2190 186 2232 quid
212 2194 284 2223 LV.
416 2191 556 2225 Taxilis
583 2195 615 2225 1:
644 2192 787 2226 taxillis
813 2195 852 2226 A.
1001 2197 1042 2227 23
1070 2193 1270 2236 proditoris
1299 2197 1337 2226 C:
1365 2204 1446 2237 pro-

97 2236 254 2271 ditorem
280 2242 315 2271 P.
457 2242 500 2272 24
526 2239 607 2285 per]
641 2251 706 2274 om.
729 2243 754 2272 P
780 2252 824 2274 m.
847 2252 906 2284 pr.
1048 2244 1091 2274 ‘25
1120 2240 1182 2286 ad]
1212 2242 1251 2274 at
1276 2244 1301 2273 P
1326 2252 1372 2274 m.
1392 2252 1446 2284 pr.

96 2287 138 2317 26
167 2284 304 2330 coepit]
332 2286 432 2329 cepit
457 2290 492 2319 L.
617 2291 658 2320 27
688 2288 898 2333 exceperat]
926 2290 1144 2331 excoeperat
1170 2292 1204 2321 P.
1330 2288 1446 2333 sistit]

97 2331 198 2365 sictit
223 2335 248 2364 L
271 2344 312 2366 m,
331 2344 387 2376 pr.

165 2397 303 2422 CcR‘rms
324 2398 431 2423 Rufus
453 2399 496 2423 ed*
518 2399 699 2424 Hedicke.
740 2401 793 2424 Ed.
815 2401 919 2425 maior.
1190 2397 1233 2427 20

1480 375 1519 405 31

1479 554 1521 584 32

1479 734 1521 763 33

1478 911 1523 942 34

1478 1090 1521 1119 35

1478 1328 1521 1359 36

1477 1625 1519 1655 37
