1610 2522
82 411 100 439 6

84 1066 102 1095 9

63 1304 104 1333 10

62 1482 102 1512 11

126 112 211 152 298
629 110 668 151 Q.
697 109 839 144 CUltTI
867 109 979 142 RUFI

126 221 347 275 transfuga
380 222 421 260 et
448 218 594 274 regulo
623 219 665 259 in
692 218 941 271 custodiam,
974 217 1210 271 elephantis
1237 220 1377 258 autem
1404 216 1480 258 Ta-

127 280 201 320 xili
247 280 414 320 traditis
457 279 509 318 ad
548 293 714 319 amnem
750 277 981 332 Hydaspen
1026 278 1234 331 pervenit,
1280 277 1322 318 in
1361 276 1480 317 cuius

128 339 328 380 ulteriore
369 339 461 392 ripa
496 337 628 379 Porus
673 337 920 378 consederat
960 337 1143 377 transitu
1186 336 1480 390 prohibiturus

128 400 305 439 hostem.
371 409 496 438 LXXX
529 400 570 438 et
603 409 631 436 V
670 397 919 450 elephantos
962 396 1172 437 obiecerat
1205 396 1361 436 eximio
1394 409 1481 435 cor-

128 472 279 512 porum
312 457 463 498 robore
491 457 687 510 ultraque
713 470 784 497 eos
811 470 960 496 currus
988 466 1071 496 CCC
1098 458 1140 496 et
1166 456 1354 509 peditum
1386 466 1482 495 XXX
1521 474 1535 500 5

127 519 214 558 fere
248 517 376 571 milia,
409 518 453 557 in
486 516 581 570 quis
616 519 734 557 erant
767 516 991 570 sagittarii,
1034 515 1158 556 sicuti
1192 518 1289 555 ante
1321 514 1480 555 dictum

128 581 207 627 est,
254 576 521 631 gravioribus
566 577 680 629 telis,
726 590 852 629 quam
895 578 942 615 ut
982 577 1080 628 apte
1119 575 1258 615 excuti
1299 576 1481 627 possent.

128 636 268 691 Ipsum
317 635 497 676 vehebat
536 636 785 688 elephantus
828 649 954 688 super
996 637 1154 675 ceteras
1196 633 1340 674 beluas
1383 633 1482 674 emi-

128 711 249 748 nens,
292 710 494 748 armaque
527 710 628 735 auro
663 698 703 735 ct
736 697 912 749 argento
946 694 1146 734 distincta
1179 708 1333 747 corpus
1365 706 1483 733 rarae

130 755 436 809 magnitudinis
468 754 764 795 honestabant.
817 753 898 794 Par
930 755 1095 794 animus
1122 753 1266 794 robori
1293 752 1483 806 corporis
1506 772 1538 797 10

129 818 187 868 et,
231 817 388 869 quanta
428 815 536 855 inter
577 814 702 854 rudes
735 816 902 867 poterat
934 827 1035 867 esse,
1068 813 1286 866 sapientia.
1350 811 1485 852 Mace-
1506 817 1555 853 45

130 875 261 915 donas
295 889 378 914 non
413 876 665 928 conspectus
693 873 881 914 hostium
910 874 1060 925 solum,
1095 872 1165 913 sed
1193 872 1322 913 etiam
1348 871 1483 911 flumi-

129 935 213 988 nis,
246 934 359 987 quod
392 934 696 974 transeundum
731 935 837 986 erat,
874 932 1125 986 magnitudo
1158 932 1354 972 terrebat.
1419 941 1486 970 1111

130 995 171 1035 in
214 993 483 1034 latitudinem
525 993 661 1033 stadia
700 993 877 1033 diffusus
919 991 1131 1046 profundo
1164 992 1283 1032 alveo
1317 993 1358 1031 et
1390 1004 1486 1030 nus-

131 1069 257 1107 quam
290 1053 396 1093 vada
429 1053 641 1104 aperiente
675 1053 858 1106 speciem
886 1052 995 1091 vasti
1021 1052 1149 1091 maris
1176 1051 1343 1091 fecerat.
1395 1048 1540 1094 Nec15

133 1127 209 1167 pro
244 1113 381 1167 spatio
415 1127 621 1166 aquarum
655 1112 737 1152 late
771 1111 1062 1165 stagnantium
1090 1112 1295 1165 impetum
1325 1123 1486 1150 coerce-

133 1173 224 1226 bat,
266 1172 337 1213 sed
380 1173 501 1225 quasi
544 1172 586 1212 in
629 1174 766 1212 artum
811 1172 1061 1212 coeuntibus
1103 1170 1206 1223 ripis
1245 1172 1412 1210 torrens
1445 1170 1487 1208 et

133 1233 259 1273 elisus
301 1231 533 1284 ferebatur,
584 1231 835 1284 occultaque
880 1245 979 1271 saxa
1024 1230 1160 1270 inesse
1206 1228 1486 1270 ostendebant

131 1291 325 1346 pluribus
352 1291 457 1332 locis
484 1291 621 1331 undae
648 1304 928 1344 repercussae.
974 1289 1222 1330 Terribilior
1247 1288 1376 1329 facies
1398 1290 1488 1328 erat

131 1353 264 1406 ripae,
307 1365 433 1405 quam
477 1351 573 1403 equi
617 1351 782 1403 virique
825 1349 1138 1403 conpleverant.
1208 1347 1388 1389 Stabant
1429 1347 1489 1387 in·
1509 1365 1542 1391 20

131 1415 280 1466 gentes
322 1413 537 1451 vastorum
585 1424 811 1463 corporum
852 1409 984 1449 moles
1024 1411 1065 1449 et
1104 1408 1154 1448 de
1186 1407 1396 1448 industria
1428 1406 1488 1446 in-

130 1471 281 1511 ritatae
321 1470 532 1510 horrendo
572 1469 750 1510 stridore
790 1483 911 1509 aures
944 1468 1195 1523 fatigabant.
1259 1466 1371 1507 Hinc
1404 1480 1488 1506 am-

131 1530 209 1583 nis,
242 1529 342 1571 hinc
375 1529 510 1570 hostis
545 1530 715 1582 capacia
748 1528 919 1582 quidem
956 1529 1088 1569 bonae
1121 1527 1210 1580 spei
1243 1528 1415 1580 pectora
1449 1527 1490 1565 et

133 1604 256 1643 saepe
283 1603 382 1630 sane
409 1591 580 1642 experta
606 1588 822 1642 inproviso
843 1591 985 1628 tamen
1005 1601 1162 1641 pavore
1182 1587 1488 1640 percusserant.

133 1648 299 1703 Quippe
338 1648 558 1689 instabiles
597 1651 709 1688 rates
748 1662 825 1688 nec
865 1647 991 1701 dirigi
1032 1647 1084 1686 ad
1115 1647 1252 1700 ripam
1285 1659 1362 1686 nec
1394 1646 1488 1685 tuto
1510 1661 1542 1687 25

86 1722 94 1734 ⁶
133 1709 336 1761 adplicari
374 1723 498 1761 posse
538 1708 774 1748 credebant.
837 1706 972 1747 Erant
1012 1707 1055 1746 in
1093 1705 1233 1746 medio
1273 1719 1396 1745 amne
1429 1703 1489 1744 in-

133 1768 249 1809 sulae
282 1767 463 1819 crebrae,
497 1768 538 1807 in
573 1782 678 1820 quas
712 1769 752 1807 et
778 1765 873 1806 Indi
906 1769 947 1806 et
973 1765 1227 1806 Macedones
1254 1766 1403 1804 nantes
1434 1762 1490 1803 le-

132 1828 240 1868 vatis
283 1841 410 1880 super
442 1827 579 1881 capita
613 1827 741 1867 arinis
774 1825 1025 1866 transibant.
1088 1823 1154 1864 Ibi
1187 1824 1296 1864 levia
1328 1821 1489 1877 proelia

231 1948 246 1977 1
276 1943 487 1988 transfuga]
508 1944 684 1987 tranfuga
704 1946 740 1976 1..
815 1941 959 1987 regulo]
982 1941 1111 1985 regula
1127 1944 1163 1974 F.
1240 1944 1258 1973 2
1288 1939 1488 1982 Hydaspen

134 1992 268 2026 Aldus:
296 1991 452 2034 idaspen
479 1994 517 2024 A.
630 1994 648 2024 3
677 1990 911 2034 consederat!
938 1988 1149 2023 considerat
1175 1991 1214 2021 V.
1325 1985 1490 2030 prohibi-

133 2039 254 2085 turus]
280 2038 547 2083 prohibuturus
568 2042 605 2080 F,
634 2037 862 2081 proibiturus
889 2033 927 2070 V.
1003 2041 1023 2070 4
1045 2035 1278 2080 elephantos]
1300 2034 1488 2078 eliephan—

133 2090 190 2121 tos
217 2091 251 2120 P.
399 2089 418 2119 6
453 2086 545 2130 fere]
579 2085 653 2118 fen»
687 2085 856 2129 peditum
889 2088 930 2125 P,
963 2085 1025 2118 sed
1063 2083 1230 2127 peditum
1272 2093 1368 2116 nunc
1399 2092 1488 2115 eras.

134 2140 154 2169 ὃ
176 2134 349 2179 vehebat]
376 2133 564 2167 uehebant
585 2137 610 2166 F
638 2145 755 2177 ›12.pr.
830 2136 869 2165 12
898 2130 1133 2175 conspectus]
1154 2131 1303 2174 spectus
1324 2133 1349 2162 P
1372 2140 1413 2162 m.
1430 2140 1488 2173 pr.

137 2186 179 2216 14
207 2182 378 2227 diffusus]
407 2180 518 2214 diffus
539 2185 573 2214 P.
660 2191 843 2223 nusquam
865 2183 906 2212 P:
936 2189 1137 2221 numquam
1165 2181 1196 2211 C.
1276 2180 1317 2211 16
1346 2186 1488 2210 coerce-

134 2229 214 2274 bat}
242 2229 464 2263 cohercebat
489 2232 514 2261 B
544 2241 585 2261 m.
610 2240 665 2271 pr.
769 2231 807 2260 lT
837 2227 960 2271 quasi]
990 2236 1081 2269 quas
1108 2229 1148 2259 V.
1251 2228 1292 2258 18
1320 2223 1488 2258 ostende·

134 2277 240 2322 bant]
267 2276 489 2310 ostendebat
509 2280 534 2309 P
557 2288 597 2309 m.
617 2287 687 2319 pr„
714 2275 942 2309 ostendeban
964 2277 992 2306 V
1016 2286 1057 2307 m.
1073 2285 1131 2317 pr.
1211 2276 1252 2305 19
1274 2272 1388 2306 facies
1409 2274 1490 2305 erat

133 2328 174 2358 P:
204 2326 284 2358 erat
311 2324 426 2358 facies
453 2328 484 2357 C.
604 2326 647 2357 20
676 2322 954 2366 conpleverant]
983 2320 1236 2364 compleuerat
1262 2323 1286 2352 L
1316 2328 1357 2352 m.
1374 2330 1433 2363 pr.
1461 2321 1488 2350 V

137 2384 247 2416 mpr.
348 2375 391 2405 24
418 2382 505 2405 sane
531 2372 677 2414 scripsi:
707 2382 743 2403 se
771 2373 808 2403 A.
909 2373 952 2402 26
974 2368 1104 2413 Erant]
1127 2369 1250 2401 errant
1276 2370 1302 2400 F
1322 2378 1365 2400 m.
1383 2377 1441 2410 pr.
