1610 2522
118 332 136 360 9

96 690 135 718 10

95 869 130 897 11

93 1404 134 1434 13

92 1643 132 1672 14

93 1822 133 1850 15

166 91 221 131 211
312 101 325 113 '
669 95 707 132 Q.
737 91 877 126 ‹URTI
909 91 1015 125 ltl'F'l

168 201 417 255 opperiendi
444 203 584 242 essent
616 202 711 241 novi
743 202 913 254 milites,
946 216 1053 255 quos
1085 217 1134 242 ex
1164 201 1412 244 Macedonia
1444 202 1513 243 ad-

168 264 338 301 ventare
371 261 604 315 constabat,
640 259 860 302 Parmenio
898 276 982 302 non
1015 261 1143 302 alium
1180 261 1317 303 locum
1351 262 1513 316 proelio

166 320 371 374 aptiorem
413 335 501 360 esse
536 319 734 361 censebat
809 320 975 375 Quippe
1015 319 1103 362 illic
1143 322 1362 375 utriusque
1402 323 1512 377 regis

165 380 307 433 copias
352 394 528 420 numero
573 380 738 420 futuras
785 394 922 433 pares,
966 394 1060 420 cum
1107 381 1327 436 angustiae
1373 382 1514 422 multi-

165 438 353 480 tudinem
389 454 471 479 non
501 443 713 493 caperent:
747 438 967 493 planitiem
1003 439 1107 493 ipsis
1135 454 1390 495 camposque
1423 455 1513 481 esse
1553 455 1568 478 5

169 498 373 551 vitandos,
407 498 478 538 ubi
508 497 736 551 circumiri,
771 498 842 539 ubi
877 499 1051 552 ancipiti
1086 499 1174 540 acie
1202 500 1386 553 opprimi
1421 515 1511 553 pos—

165 561 267 598 sent.
332 557 510 612 Timere,
544 573 593 598 ne
626 572 710 598 non
745 558 901 598 virtute
928 558 1128 611 hostium,
1162 559 1232 600 sed
1267 559 1514 600 lassitudine

164 633 240 658 sua
274 618 558 658 vincerentur:
599 616 747 658 Persas
787 621 974 659 recentes
1014 618 1193 660 subinde
1232 633 1513 671 successuros,

164 677 197 717 si
238 677 375 718 laxius
415 680 526 717 stare
565 677 813 731 potuissent.
879 676 1018 718 Facile
1059 679 1165 718 ratio
1205 682 1290 718 tam
1331 678 1513 719 salubris

163 737 329 778 consilii
357 740 528 790 accepta
560 739 633 777 est.
698 735 845 790 Itaque
874 737 982 778 inter
1009 738 1227 792 angustias
1255 739 1386 778 saltus
1419 737 1515 778 hos·
1536 752 1568 776 ιο

162 799 246 838 tem
283 796 470 850 opperiri
503 795 664 837 statuit.

253 855 358 897 Erat
392 856 436 897 111
469 856 658 896 exercitu
699 855 810 911 regis
845 855 1005 897 Sisines
1038 855 1203 897 Perses:
1244 856 1456 910 quondam
1490 872 1514 898 a
1536 856 1583 892 18

162 918 356 969 praetore
400 915 585 970 Aegypti
628 916 783 956 missus
832 915 883 956 ad
925 914 1169 970 Philippum
1221 915 1427 971 donisque
1472 920 1514 957 et

163 976 277 1016 0111111
324 976 485 1016 honore
533 973 674 1015 cultus
719 974 892 1015 exilium
935 976 1075 1030 patria
1120 975 1217 1017 sede
1261 979 1512 1029 mutaverat,

163 1038 331 1076 secutus
366 1034 515 1075 deinde
548 1034 591 1075 in
625 1033 771 1075 Asiam
807 1034 1094 1076 Alexandrum
1129 1035 1238 1076 inter
1270 1035 1416 1077 fideles
1449 1049 1566 1076 so-15

116 1114 122 1120 ·
162 1094 252 1135 cios
278 1094 527 1136 habebatur.
591 1093 705 1135 Huic
731 1094 957 1148 epistulam
987 1094 1198 1136 Cretensis
1226 1094 1346 1136 miles
1374 1094 1513 1150 obsig-

163 1157 303 1194 natam
350 1153 490 1206 anulo,
535 1155 655 1194 cuius
701 1154 868 1209 signum
914 1154 1027 1194 haud
1073 1168 1172 1195 sane
1217 1157 1367 1195 notum
1413 1157 1513 1208 erat,

162 1213 347 1254 tradidit.
412 1212 694 1263 Nabarzanes,
716 1216 886 1267 praetor
908 1212 1045 1267 Darei,
1066 1213 1240 1255 miserat
1261 1228 1351 1254 eam
1372 1213 1511 1255 horta-

162 1273 371 1327 baturque
405 1271 606 1326 Sisinem,
645 1276 693 1314 ut
726 1272 900 1328 dignum
935 1272 1095 1328 aliquid
1127 1272 1354 1315 nobilitate
1386 1276 1513 1327 atque

162 1332 351 1373 moribus
385 1333 472 1373 suis
506 1332 662 1374 ederet:
703 1347 854 1387 magno
887 1332 928 1373 id
969 1333 1004 1373 ei
1039 1332 1148 1387 apud
1185 1346 1325 1388 regem
1358 1332 1511 1375 honori
1533 1348 1566 1371 20

161 1392 262 1433 fore.
327 1391 417 1432 Has
444 1392 607 1433 litteras
635 1390 809 1438 Sisines,
841 1395 990 1446 utpote
1017 1392 1228 1444 innoxius,
1255 1392 1306 1433 ad
1332 1391 1512 1433 Alexan-

163 1452 284 1492 drum
319 1466 443 1505 saepe
483 1451 645 1493 deferre
678 1451 922 1506 temptavit,
961 1452 1034 1492 sed
1067 1466 1161 1493 cum
1200 1455 1265 1492 tot
1299 1452 1410 1493 curis
1443 1466 1513 1506 ap-

162 1516 397 1565 paratuque
430 1511 531 1552 belli
565 1525 706 1567 regem
741 1511 902 1552 videret
935 1511 1120 1567 urgueri,
1158 1511 1300 1566 aptius
1333 1511 1512 1553 subinde

162 1575 333 1626 tempus
379 1574 608 1626 expectans
655 1571 937 1624 suspicionem
990 1571 1085 1612 initi
1131 1570 1298 1613 scelesti
1346 1570 1509 1612 consilii

162 1631 368 1684 praebuit.
431 1629 628 1684 Namque
661 1631 861 1684 epistula,
899 1631 1146 1684 priusquam
1187 1631 1223 1671 ei
1257 1630 1513 1682 redderetur,
1533 1645 1566 1670 25

161 1690 204 1730 in
225 1705 375 1731 manus
397 1689 631 1731 Alexandri
651 1693 912 1744 pervenerat,
939 1689 1175 1744 lectamque
1197 1704 1288 1731 eam
1316 1693 1358 1731 et
1377 1690 1510 1745 ignoti

160 1750 274 1790 anuli
299 1749 440 1805 sigillo
462 1750 653 1804 inpresso
675 1748 803 1790 Sisini
826 1749 912 1790 dari
937 1750 1114 1791 iusserat
1136 1749 1187 1789 ad
1209 1749 1511 1790 aestimandam

162 1809 285 1850 fidem
317 1809 495 1850 barbari.
550 1808 630 1858 Qui
653 1809 751 1863 quia
780 1824 853 1862 per
879 1809 1103 1863 conplures
1125 1808 1213 1849 ‹lies
1240 1823 1323 1849 non
1351 1808 1512 1849 adierat

160 1883 321 1923 regern,
361 1869 538 1910 scelesto
572 1869 749 1910 consilio
783 1882 872 1909 eam
914 1868 1028 1909 visus
1061 1871 1125 1908 est
1157 1867 1439 1921 suppressisse
1472 1871 1514 1908 et

162 1929 202 1969 in
231 1929 398 1983 agmine
425 1944 448 1968 a
477 1927 750 1969 Cretensibus
772 1927 883 1969 haud
905 1927 1031 1969 dubie
1052 1928 1168 1968 iussu
1196 1928 1307 1982 regis
1334 1927 1510 1968 occisus.
1532 1942 1566 1966 ao

259 2075 271 2102 1
303 2069 521 2113 opperiendi
550 2074 587 2103 C:
625 2069 846 2114 opperiundi
879 2072 904 2102 P
933 2081 973 2102 m.
999 2081 1054 2113 pr.
1163 2072 1182 2102 6
1210 2067 1382 2112 ancipiti]
1415 2067 1510 2101 anti-

159 2117 266 2161 cipiti
288 2120 322 2150 P.
398 2120 548 2160 possent
576 2121 608 2150 1:
636 2117 779 2161 possint
800 2120 838 2149 A.
917 2121 956 2150 12
986 2116 1123 2150 Sisines
1147 2116 1284 2150 Lnuer:
1311 2115 1449 2149 sisenes
1470 2118 1509 2148 A.

163 2168 204 2198 13
232 2164 411 2209 Aegypti}
440 2165 580 2209 aegipti
607 2168 641 2198 Ρ.
733 2168 773 2198 17
803 2164 929 2209 anulo}
957 2175 977 2198 a
1005 2163 1105 2197 nullo
1132 2167 1157 2196 P
1179 2177 1220 2198 m.
1240 2175 1294 2207 pr.
1394 2162 1510 2208 haud}

161 2213 249 2246 haut
278 2216 301 2244 P
330 2224 371 2245 m.
392 2224 445 2256 pr.
525 2216 566 2246 18
593 2211 830 2246 Nabarzanes
851 2215 891 2245 P:
922 2211 1146 2245 nabarzanas
1174 2215 1205 2244 C.
1285 2216 1324 2244 1⁴.)
1353 2210 1508 2245 Sisinem

159 2261 300 2294 Lamr:
324 2259 479 2293 sisenem
496 2263 534 2293 A.
605 2263 648 2294 20
664 2259 866 2293 maioribus
882 2260 1091 2294 Acidalius:
1108 2258 1270 2293 moribus
1283 2261 1320 2291 A.
1391 2262 1431 2291 21
1457 2257 1509 2291 Si—

160 2308 256 2341 sines
287 2307 425 2341 Lnner:
454 2307 592 2342 sisenes
620 2311 658 2341 A.
764 2311 805 2340 27
835 2306 953 2352 anuli!
981 2306 1084 2340 anilii
1113 2310 1148 2345 Ρ,
1175 2305 1291 2340 anulli
1319 2309 1355 2339 V.
1455 2305 1509 2338 Si-

160 2355 229 2388 sini
261 2356 398 2389 Lauer:
427 2355 536 2388 siseni
566 2358 603 2388 A.
