1610 2522
78 354 98 385 8

79 592 99 622 9

61 891 101 919 10

60 1128 98 1157 11

60 1365 103 1397 12

65 1603 106 1634 13

63 1842 105 1873 14

130 114 210 155 102
632 114 672 152 Q.
701 110 844 144 s'iTRTI
872 110 980 144 RI'FI

125 222 273 278 Tigrin
308 226 476 277 superat
512 225 551 262 et
580 220 799 274 Babylona
833 234 928 260 cum
957 219 1148 273 reliquiis
1182 219 1334 261 devicti
1369 233 1483 259 exer-

126 283 235 325 citus
268 283 411 323 intrat.

217 341 379 382 Dareus
419 340 566 395 paucis
606 341 731 393 fugae
765 337 992 379 vomitibus
1032 338 1082 378 ad
1118 337 1274 392 Lycum
1317 352 1481 379 amnem
1504 340 1551 374 81

126 401 419 442 contenderat:
449 414 532 454 quo
555 400 734 440 traiecto
757 397 980 449 dubitavit,
1008 412 1059 438 an
1088 397 1269 438 solveret
1297 399 1482 451 pontem.

129 462 298 515 Quippe
326 460 491 501 hostem
526 459 607 500 iam
638 459 782 499 adfore
810 456 1097 498 nuntiabatur.
1161 456 1243 498 Sed
1277 460 1341 497 tot
1368 455 1484 497 milia
1523 473 1537 497 5

128 535 321 572 suorum,
363 534 470 573 quae
502 518 690 560 nondum
733 517 784 558 ad
823 531 989 557 amnem
1025 520 1322 570 pervenerant,
1354 518 1485 570 ponte

127 580 308 621 rescisso
338 579 506 620 videbat
540 578 676 619 hostis
704 576 901 631 praedam
936 576 1036 617 fore.
1102 575 1356 627 Abeuntem,
1389 589 1482 616 cum

128 640 333 680 intactum
368 639 524 680 sineret
558 640 750 692 pontem,
789 636 944 676 dixisse
977 639 1145 676 constat
1178 634 1303 676 malle
1342 650 1385 676 se
1425 649 1485 675 se·-

127 698 357 753 quentibus
400 699 480 739 iter
522 697 618 738 dare
667 711 793 750 quam
838 695 1002 736 auferre
1043 695 1318 750 fugientibus,
1390 693 1486 748 Ipse

128 759 278 814 ingens
312 758 497 812 spatium
532 758 634 812 fuga
661 769 858 797 emensus
886 754 1022 795 media
1050 755 1137 795 fere
1169 757 1294 795 nocte
1328 753 1486 795 Arbela
1509 770 1540 795 ιο

128 818 335 872 pervenit.

218 876 321 926 Quis
349 879 413 918 tot
433 876 617 918 ludibria
637 876 847 928 fortunae,
874 874 1041 925 ducum,
1068 874 1285 929 agminum
1315 872 1482 914 caedem

128 937 425 991 multiplicem,
445 935 708 978 devictorum
729 934 890 989 fugam,
915 933 1054 974 clades
1076 946 1187 973 nunc
1207 933 1487 987 singulorum,

128 1010 240 1037 nunc
274 997 589 1049 universorum,
629 998 701 1035 aut
740 994 881 1035 animo
915 993 1089 1046 adsequi
1129 995 1256 1046 queat
1293 995 1366 1033 aut
1399 1006 1487 1033 ora-

128 1057 245 1098 tione
292 1055 536 1110 conplecti?
606 1053 919 1108 Propemodum
966 1051 1125 1094 saeculi
1166 1066 1232 1093 res
1271 1051 1314 1092 in
1356 1065 1540 1093 unu1n15

130 1116 253 1157 illum
281 1115 407 1167 diem,
439 1116 533 1169 pro!
561 1115 735 1156 fortuna
762 1111 1007 1154 cumulavit.
1054 1111 1155 1164 Alii,
1188 1126 1270 1165 qua
1296 1112 1489 1152 brevissi-

130 1190 246 1216 mum
274 1175 447 1229 patebat
474 1176 567 1227 iter,
593 1173 665 1215 alii
693 1173 837 1214 devios
865 1171 998 1212 saltus
1026 1176 1066 1213 et
1087 1173 1257 1226 ignotas
1277 1171 1489 1237 sequenti-

129 1234 208 1276 bus
255 1235 383 1277 calles
428 1234 642 1300 petebant.
725 1232 868 1286 Eques
913 1231 1126 1286 pedesque
1181 1230 1348 1272 confusi
1399 1231 1488 1271 sine

131 1295 253 1342 duce,
293 1295 467 1335 armatis
506 1295 707 1339 inermes
747 1292 926 1347 integris
965 1290 1125 1332 debiles
1164 1289 1488 1356 inplicabantur

130 1353 294 1395 Deinde
341 1353 633 1396 misericordia
675 1353 718 1393 in
756 1354 916 1392 metum
956 1365 1086 1403 versa,
1128 1351 1201 1403 qui
1243 1350 1362 1403 sequi
1404 1362 1490 1390 non
1510 1367 1544 1391 ·.·o

130 1417 342 1480 poterant
386 1415 498 1454 inter
542 1416 716 1454 mutuos
761 1412 946 1466 gemitus
993 1410 1304 1451 deserebantur.
1386 1407 1490 1449 Sitis

131 1474 360 1528 praecipue
405 1472 610 1528 fatigatos
656 1476 697 1513 et
743 1471 908 1512 saucios
954 1469 1200 1524 perurebat,
1246 1468 1490 1522 passimque

133 1533 337 1574 omnibus
383 1534 486 1574 rivis
532 1533 852 1587 prostraverant
899 1544 1075 1584 corpora
1121 1528 1490 1583 praeterfluentem

135 1607 289 1646 aquam
323 1592 461 1633 hianti
501 1606 571 1632 ore
605 1593 837 1645 captantes.
901 1588 1035 1638 Quam
1077 1603 1171 1630 cum
1205 1587 1326 1628 avide
1358 1586 1492 1628 turbi-

135 1652 232 1693 dam
265 1652 522 1705 hausissent,
552 1650 837 1692 tendebantur
869 1648 1083 1702 extemplo
1117 1647 1363 1701 praecordia
1399 1660 1491 1701 pre·
1511 1664 1545 1688 25

132 1714 273 1752 mente
305 1712 408 1752 limo
442 1712 726 1764 resolutisque
767 1712 808 1750 et
841 1707 1110 1762 torpentibus
1145 1706 1359 1758 membris,
1393 1720 1487 1747 cum

133 1773 448 1825 supervenisset
501 1771 658 1822 hostis,
706 1770 830 1810 novis
884 1767 1131 1808 vulneribus
1185 1766 1490 1807 excitabantur.

133 1830 313 1880 Quidam
355 1831 573 1884 occupatis
612 1830 820 1884 proximis
857 1827 961 1868 rivis
1001 1827 1269 1867 deverterant
1307 1825 1491 1879 longius,

233 2001 247 2029 1
277 1995 422 2041 Tigrin}
451 1994 574 2040 tygrin
604 1998 635 2026 C.
716 1992 909 2036 Babylona
935 1991 1144 2035 Zumptius:
1174 1989 1398 2033 babylonam
1420 1991 1490 2028 ΒΡ,

134 2042 350 2077 babilonam
369 2047 440 2082 FL,
462 2041 692 2076 babillonam
713 2044 752 2075 V.
827 2039 995 2083 reliquiis
1021 2042 1054 2072 1:
1082 2037 1235 2081 reliquis
1262 2040 1301 2070 A.
1377 2041 1396 2069 3
1419 2035 1489 2079 Ly-

134 2092 234 2136 cum]
261 2090 373 2125 licum
395 2094 464 2124 FP
542 2095 561 2124 5
590 2088 848 2133 nuntiabatur}
877 2086 1124 2120 nunciabatur
1149 2088 1187 2118 V.
1270 2087 1290 2117 6
1318 2094 1491 2128 pervene-

134 2141 219 2172 rant
245 2142 278 2171 1:
306 2140 527 2182 peruenerat
557 2140 594 2171 A.
705 2140 721 2169 7
750 2135 905 2169 rescisso
932 2138 964 2168 1:
992 2133 1121 2214 recisol
1135 2135 1173 2166 A.
1286 2135 1326 2165 10
1353 2130 1490 2176 media]

136 2186 283 2220 moedia
309 2189 345 2219 P.
491 2189 530 2218 12
558 2184 709 2229 ducum]
743 2183 901 2217 dunacum
929 2186 964 2215 P.
1108 2183 1147 2214 17
1176 2179 1303 2213 devios
1332 2179 1490 2222 let-pins:

136 2234 278 2268 diuisos
307 2237 339 2270 C,
368 2233 530 2266 diuisms
557 2236 593 2266 P.
684 2235 724 2264 18
753 2229 913 2275 confusi]
940 2228 1068 2263 c.oufu
1055 2228 1103 2261 i·
1128 2231 1163 2261 P.
1248 2231 1288 2260 19
1316 2225 1491 2269 inermes]

135 2281 320 2315 inhermes
348 2284 383 2314 P.
471 2279 750 2324 inplicabantur
775 2281 807 2311 1:
836 2277 1073 2322 plicabantur
1098 2278 1137 2308 A.
1219 2278 1262 2308 25
1289 2272 1491 2318 extemplo}

136 2328 305 2372 exemplo
332 2332 358 2361 P
387 2342 428 2362 m.
454 2340 509 2372 [ιν.
622 2331 664 2360 ·.6
698 2324 889 2369 membris!
926 2323 1086 2357 menbris
1119 2326 1158 2356 V.
1279 2325 1321 2355 ‘27
1355 2321 1493 2355 excita-

137 2376 287 2420 bantur!
315 2376 534 2409 excibantur
555 2379 579 2408 P
601 2387 643 2408 ιη
661 2375 863 2418 1)1·.28
890 2371 1084 2416 proximis]
1112 2369 1300 2414 proxumis
1327 2372 1352 2402 P
1375 2381 1416 2403 m.
1435 2380 1491 2412 pr.
