1610 2522
68 370 91 405 4

77 444 92 469 5

61 741 94 766 10

63 1039 96 1064 15

63 1336 97 1362 20

64 1633 97 1658 25

404 79 741 115 HISTORIARUM
768 77 1054 112 ALEXANDRI
1080 77 1122 119 X,
1152 80 1182 110 1.
1385 76 1469 116 353

112 189 285 230 vulnere
327 190 521 230 interisse
555 202 882 243 oppressosque,
928 186 1001 239 qui
1034 186 1329 226 vulnerassent
1362 199 1468 225 eum.

112 248 250 304 Igitur
282 248 483 303 Philippo
530 248 753 289 substituit
785 246 1103 287 Eudaemonem
1151 269 1204 273 »-
1251 245 1334 285 dux
1380 247 1470 286 erat
1497 253 1539 283 21

113 308 325 349 Thracum
366 334 427 360 —‚
461 306 653 349 Abisaris
687 321 864 362 regnum
897 305 987 346 filio
1022 304 1112 345 eius
1145 303 1352 345 attribuit.

202 366 389 409 Ventum
434 371 498 408 est
540 367 688 408 deinde
733 364 990 421 Parsagada:
1032 363 1203 405 Persica
1246 366 1311 405 est
1354 377 1471 418 gens,
1497 372 1540 402 22

113 428 231 468 cuius
264 430 455 481 satrapes
483 425 655 467 Orsines
689 428 791 478 erat,
828 424 1053 466 nobilitate
1086 438 1133 464 ac
1167 422 1327 464 divitiis
1361 422 1471 463 inter

114 501 259 527 omnes
288 486 489 527 barbaros
517 486 716 526 eminens.
768 484 909 525 Genus
938 483 1116 524 ducebat
1144 498 1167 523 a
1188 480 1311 536 Cyro,
1338 496 1469 535 quon-
1498 491 1541 521 23

114 547 209 587 dam
242 561 341 601 rege
376 545 616 586 Persarum:
658 559 759 598 opes
792 546 833 584 et
867 558 889 584 a
923 542 1155 583 maioribus
1189 542 1366 582 traditas
1399 541 1469 582 ha-

113 605 240 646 bebat
277 609 319 646 et
361 605 451 659 ipse
493 605 622 658 longa
661 603 829 658 imperii
870 602 1136 657 possessione
1170 601 1470 642 cumulaverat.

113 664 154 706 Is
195 666 286 719 regi
329 680 423 706 cum
465 666 602 705 omnis
636 664 802 719 generis
835 662 976 715 donis,
1020 676 1103 702 non
1137 661 1218 715 ipsi
1252 660 1378 702 modo
1412 675 1470 711 ea,
1498 670 1542 699 24

115 724 187 766 sed
219 725 346 765 etiam
380 724 525 765 amicis
558 724 647 764 eius
682 723 868 775 daturus,
901 721 1096 762 occurrit.
1147 720 1371 774 Equorum
1402 719 1471 759 do-

116 784 209 824 miti
253 797 402 839 greges
447 783 733 837 sequebantur
784 795 1015 834 currusque
1059 783 1236 835 argento
1281 782 1322 820 et
1367 794 1469 820 auro

115 843 326 896 adornati,
370 842 555 896 pretiosa
595 844 782 896 supellex
820 844 862 882 et
894 839 1058 881 nobiles
1092 854 1301 894 gemmae,
1346 853 1472 879 aurea

116 902 258 957 magni
304 903 501 956 ponderis
546 917 647 942 vasa
693 904 911 954 vestesque
956 914 1195 954 purpureae
1234 903 1275 939 et
1314 897 1470 953 signati

115 962 280 1017 argenti
319 961 527 1002 talentum
559 974 610 1002 111
649 960 778 1001 milia.
843 961 1039 1000 Ceterum
1078 961 1198 1000 tanta
1230 958 1471 1012 benignitas
1498 968 1542 998 25

115 1021 296 1062 barbaro
337 1035 462 1062 causa
500 1021 652 1062 mortis
690 1020 784 1061 fuit.
846 1019 959 1060 Nam
998 1033 1093 1059 cum
1133 1032 1278 1058 omnes
1312 1018 1470 1058 amicos

116 1081 228 1136 regis
285 1080 407 1121 donis
468 1095 594 1134 super
652 1080 842 1134 ipsorum
884 1081 982 1120 vota
1033 1077 1250 1129 coluisset,
1302 1076 1472 1132 Bagoae

117 1140 307 1194 spadoni,
341 1140 414 1193 qui
440 1139 729 1180 Alexandrum
765 1138 971 1192 obsequio
1005 1137 1194 1191 corporis
1225 1136 1472 1177 devinxerat

116 1200 213 1250 sibi,
258 1201 424 1241 nullum
460 1199 666 1240 honorem
699 1199 850 1240 habuit
881 1197 1210 1250 admonitusque
1243 1211 1266 1236 a
1299 1196 1471 1250 quibus·
1498 1205 1542 1236 26

117 1258 211 1299 dam
250 1259 441 1313 Bagoam
473 1258 718 1300 Alexandro
759 1257 875 1298 cordi
913 1271 1004 1298 esse
1034 1256 1272 1310 respondit,
1311 1256 1471 1296 amicos

116 1318 242 1373 regis,
274 1333 359 1360 non
393 1321 533 1359 scorta
565 1333 608 1359 se
642 1317 778 1359 colere
813 1331 888 1358 nec
921 1316 1051 1357 moris
1084 1330 1173 1356 esse
1203 1315 1357 1367 Persis,
1388 1330 1472 1355 ma-

117 1392 183 1418 res
229 1378 396 1430 ducere,
449 1378 523 1431 qui
564 1380 712 1431 stupro
755 1376 1109 1417 effeminarentur.
1191 1374 1269 1415 His
1315 1374 1472 1415 auditis
1499 1384 1542 1415 27

118 1437 247 1490 spado
290 1436 525 1490 potentiam
556 1437 721 1492 flagitio
755 1438 796 1476 et
830 1435 1030 1476 dedecore
1063 1435 1298 1488 quaesitam
1332 1434 1377 1474 in
1409 1448 1471 1475 ca-

117 1500 194 1550 put
232 1496 487 1537 nobilissimi
527 1499 568 1537 et
606 1496 789 1537 insontis
828 1495 1028 1536 exercuit.
1096 1493 1293 1547 Namque
1331 1493 1471 1549 gentis

118 1556 305 1596 eiusdem
337 1555 576 1596 levissimos
608 1554 726 1596 falsis
759 1554 1008 1595 criminibus
1043 1553 1152 1594 clam
1182 1553 1351 1605 struxit,
1385 1567 1470 1593 mo-

119 1614 230 1655 nitos
264 1618 354 1655 tum
387 1615 556 1655 demum
590 1630 637 1655 ea
670 1614 848 1667 deferre,
887 1628 983 1655 cum
1017 1613 1106 1667 ipse
1138 1613 1341 1653 iussisset.
1405 1611 1470 1653 In—
1499 1622 1542 1651 28

213 1770 232 1799 2
262 1766 449 1811 Philippo]
476 1766 659 1810 phylippo
679 1770 718 1800 V.
794 1766 1070 1799 Eudaemonem
1090 1766 1312 1800 Frobem'u-s:
1342 1765 1470 1799 eodae-

117 1825 263 1847 monem
289 1816 400 1856 BFL,
428 1813 667 1848 eodemonem
694 1818 767 1847 PV.
916 1818 935 1845 3
963 1813 1149 1846 Thracum
1174 1816 1200 1846 B
1221 1825 1265 1847 m.
1288 1824 1368 1847 sec:
1396 1815 1470 1846 tra—

118 1873 201 1895 cum
234 1866 273 1901 C,
314 1863 475 1895 tractum
512 1865 548 1895 P.
694 1860 861 1894 Abisaris
894 1861 1183 1895 Freinshemius:
1230 1860 1405 1894 abissaris
1444 1863 1473 1892 A

118 1908 313 1953 [abiman-is
340 1910 391 1953 Lj.
509 1913 529 1942 4
555 1909 768 1954 Parsagada
804 1909 924 1954 I'oyel:
951 1919 1153 1952 persagara
1179 1911 1218 1942 A.
1330 1912 1349 1941 ὃ
1378 1908 1472 1941 divi-

117 1956 195 2001 tiis]
224 1956 371 1989 diuiciis
392 1960 429 1990 F.
507 1960 523 1989 7
553 1957 588 2001 a]
616 1968 683 1990 om.
705 1960 730 1989 B
754 1969 795 1990 m.
812 1968 871 2000 pr.
947 1958 966 1989 S
995 1956 1089 2001 ipse]
1117 1956 1199 1999 ipsa
1217 1959 1253 1988 P.
1330 1962 1349 1989 ¹.)
1376 1955 1470 2001 regi]

117 2014 156 2037 re
182 2007 217 2036 P.
322 2003 483 2049 generis]
510 2004 632 2048 gentis
658 2008 684 2037 P
705 2016 748 2038 m.
764 2016 823 2048 pr.
930 2003 1002 2047 ipsi
1028 2007 1060 2036 1:
1088 2003 1168 2046 ipso
1195 2006 1234 2036 A.
1344 2007 1385 2037 12
1414 2015 1472 2036 su—

118 2050 253 2096 pellex]
281 2050 473 2095 suppellex
499 2055 535 2084 P.
635 2055 676 2085 13
703 2051 913 2096 vestesque]
941 2051 1129 2094 uestisque
1149 2054 1185 2084 P.
1286 2054 1328 2084 14
1355 2050 1472 2085 talen-

118 2098 213 2143 tum]
240 2098 384 2132 talenta
410 2103 442 2131 c.
518 2111 560 2132 111
585 2099 700 2132 milia.
747 2098 917 2133 Ceterum
943 2099 1065 2143 tanta]
1092 2109 1158 2133 om.
1180 2101 1206 2131 B
1229 2110 1270 2132 m.
1286 2110 1358 2141 pr„
1386 2099 1469 2132 add.

121 2146 159 2178 in
185 2147 348 2190 margine
373 2157 475 2188 corr„
501 2147 562 2181 sed
588 2147 659 2188 ita,
691 2151 733 2181 ut
757 2147 908 2181 scribat:
942 2158 1008 2179 1111.
1132 2149 1173 2179 17
1203 2145 1420 2179 devinxerat
1446 2149 1471 2178 B

118 2204 162 2225 m.
182 2203 264 2227 sea:
293 2193 484 2227 deuixerat
510 2197 549 2227 A.
646 2197 686 2227 19
716 2194 879 2238 Bagoam
906 2194 1064 2237 Ieepz'us:
1093 2203 1226 2236 equam
1253 2197 1287 2234 c,
1314 2204 1409 2238 equa
1435 2197 1470 2227 P.

119 2242 162 2273 20
189 2241 325 2285 scorta]
353 2243 492 2274 scortas
518 2245 554 2274 P.
699 2245 740 2274 21
770 2241 1088 2286 effeminarentur]
1117 2240 1407 2274 efeminarentur
1431 2245 1470 2274 V.

119 2291 161 2319 22
189 2288 316 2332 caput]
344 2288 464 2331 capud
484 2292 523 2321 V.
600 2293 643 2321 24
670 2288 791 2334 falsis]
820 2288 904 2322 falsi
925 2292 960 2321 P.
1042 2287 1137 2322 clam
1164 2288 1299 2321 struxit
1324 2289 1470 2332 scripsi:

118 2334 302 2368 adstruxit
329 2338 366 2369 A.
466 2335 626 2369 monitos
652 2336 747 2381 tum]
774 2336 916 2369 monito
943 2335 1070 2369 fictum
1095 2339 1135 2368 V.

189 2400 327 2425 UCRTms
348 2400 454 2425 Rufus
476 2401 519 2425 ed.
541 2401 721 2425 Hedicke.
763 2401 815 2425 Ed.
838 2401 940 2425 maior.
1213 2397 1256 2426 23
