1610 2522
37 342 88 377 26

73 475 88 501 5

58 776 89 801 10

56 1073 89 1099 ,15

57 1371 90 1396 ’20

58 1666 91 1691 25

345 104 679 140 HISTORIARUM
705 106 988 140 ALEXANDRI
1019 106 1110 149 VIII,
1138 110 1168 141 7.
1191 110 1222 140 8.
1374 107 1459 147 279

109 230 159 257 ex
186 218 259 256 tua
286 217 421 256 morte
442 215 712 268 petieramus,
739 229 1050 269 consequamur
1071 230 1119 256 ex
1142 216 1314 257 nostra.'
1348 214 1463 256 Haec

108 274 376 316 Hermolaus.

198 334 257 375 At
282 348 373 375 rex:
407 332 556 382 ‘Quam
585 333 692 374 falsa
719 333 832 384 sint',
865 333 1016 388 inquit,
1044 335 1166 388 ‘quae
1194 334 1274 375 iste
1304 334 1462 374 tradita
1482 338 1565 372 VIII

109 409 133 435 a
163 393 370 449 magistro
404 407 480 434 suo
515 393 636 442 dixit,
666 393 873 447 patientia
904 408 997 434 mea
1030 393 1228 434 ostendit.
1292 392 1461 434 Confes—
1490 405 1508 434 2

109 467 202 494 sum
253 453 365 494 enim
416 453 617 493 ultimum
661 453 825 494 facinus
870 456 1013 494 tamen
1057 468 1142 494 non
1188 453 1326 494 solum
1372 453 1462 507 ipse

109 514 270 565 amle'vi,
308 514 378 554 Sed
411 516 453 553 nt
484 526 552 553 vos
583 511 804 565 audiretiS,
849 513 1057 567 expressi,
1100 527 1187 554 non
1219 513 1463 567 inprudens,

110 587 204 613 eum
232 572 520 626 permisissem
547 571 705 612 latroni
725 571 825 613 huic
845 572 994 626 dicere,
1018 587 1195 613 usurum
1217 588 1312 613 eum
1336 572 1463 627 rabie,

110 646 192 686 qua
224 631 454 686 conpulsus
487 634 562 685 est,
606 634 653 672 ut
693 646 771 685 me,
817 646 942 686 quem
975 632 1164 686 parentis
1197 631 1292 673 loco
1326 631 1463 672 colere

110 691 299 744 deberet,
344 693 471 733 vellet
510 690 709 732 occidere.
772 690 921 746 Nuper
961 707 1056 734 cum
1091 692 1310 746 procacius
1344 706 1387 732 se
1420 691 1464 732 in

110 750 334 792 venatione
377 750 595 805 gessisset,
640 765 758 791 more
799 751 938 804 patrio
982 754 1023 792 et
1064 751 1116 792 ab
1150 750 1463 805 antiquissimis

110 810 381 851 Macedoniae
415 824 563 864 regum
594 813 800 863 usurpato
834 810 1034 864 castigari
1067 826 1163 851 eum
1191 811 1308 852 iussi.
1371 810 1464 851 Hoc

110 873 152 910 et
184 873 354 923 oportet
385 869 478 910 fieri
510 872 551 910 et
582 869 725 911 ferunt
752 884 775 910 a
807 870 1024 911 tutoribus
1050 870 1215 924 pupilli,
1248 885 1271 910 a
1298 870 1464 910 maritis

110 943 279 970 uxores:
325 929 457 970 servis
496 943 665 983 quoque
703 943 857 983 pue-ros
899 929 1026 970 huius
1060 930 1210 971 aetatis
1243 930 1464 971 verberare

110 988 390 1030 concedimus
467 987 583 1029 Haec
621 990 685 1029 est
723 989 899 1030 saevitia
932 989 975 1029 in
1008 989 1147 1043 ipsum
1181 1004 1292 1042 mea,
1337 1004 1464 1043 quam

110 1047 226 1102 inpia
259 1048 382 1089 caede
414 1047 552 1089 voluit
584 1047 742 1088 ulcisci.
804 1047 916 1089 Nam
950 1049 993 1089 in
1026 1052 1206 1102 ceteros,
1252 1048 1325 1103 qui
1358 1048 1464 1089 mihi

110 1107 364 1162 permittunt
408 1107 471 1148 uti
516 1107 687 1162 ingenio
733 1122 846 1162 meo,
901 1122 1028 1162 quam
1073 1109 1190 1149 mitis
1236 1108 1334 1161 sim,
1378 1122 1466 1148 non

110 1166 270 1222 ignaris
299 1181 629 1208 commemorare
657 1181 966 1222 supervacuum
993 1170 1067 1209 est.
1118 1167 1351 1209 Hermolao
1373 1183 1465 1222 par-

112 1226 338 1267 ricidarum
370 1226 579 1281 supplicia
609 1241 695 1267 non
727 1227 912 1281 probari,
951 1241 1046 1269 cum
1081 1227 1224 1268 eadem
1258 1228 1348 1281 ipse
1382 1242 1465 1268 me-

110 1286 258 1340 ruerit,
300 1286 492 1339 minime,
532 1285 722 1340 hercule,
764 1286 962 1328 admiror.
1023 1286 1135 1328 Nam
1169 1302 1265 1329 cum
1297 1287 1465 1328 Parme-

111 1345 281 1387 nionem
303 1349 344 1386 et
358 1345 560 1387 Philotan
580 1345 735 1400 laudat,
757 1360 856 1387 suae
877 1347 1008 1387 servit
1030 1361 1190 1387 causae.
1212 1346 1465 1400 Lyncestem

112 1419 210 1446 vero
258 1404 549 1446 Alexandrum
600 1405 790 1458 quamvis
835 1406 1083 1447 insidiatum
1129 1406 1258 1460 capiti
1302 1420 1396 1447 meo
1441 1422 1465 1446 a

111 1464 276 1505 duobus
315 1464 527 1505 indicibus
565 1464 805 1519 litterisque
838 1465 926 1506 suis
958 1466 1200 1507 convictum
1232 1480 1308 1520 per
1339 1466 1465 1506 trien-

111 1523 230 1564 nium
262 1526 404 1564 tamen
438 1524 597 1577 distuli,
630 1524 763 1565 donec
794 1538 870 1565 vos
904 1525 1191 1579 postularetis,
1222 1528 1270 1566 ut
1295 1525 1465 1566 tandem

113 1582 255 1624 debito
290 1583 499 1637 supplicio
534 1583 669 1624 scelus
702 1584 848 1625 lueret.
899 1584 1107 1639 Attalum,
1140 1587 1367 1638 antequam
1394 1599 1468 1625 rex

112 1656 264 1696 essem,
309 1641 475 1683 hostem
520 1657 612 1683 meo
655 1644 786 1697 capiti
826 1643 957 1685 fuisse
999 1644 1266 1685 meministis.
1331 1643 1467 1685 Clitus

208 1751 226 1779 3
255 1746 329 1780 sint
355 1751 387 1781 1:
428 1749 513 1781 sunt
540 1751 616 1781 AR.
762 1748 848 1795 iste]
875 1748 951 1783 ista
977 1753 1039 1782 Pv
1068 1761 1109 1783 m.
1131 1761 1191 1793 pr.
1338 1752 1358 1782 4
1386 1749 1467 1794 suo]

112 1806 178 1829 om.
199 1798 238 1827 R.
314 1794 512 1840 patientia]
532 1796 723 1839 pacientia
743 1800 778 1839 P,
806 1795 1000 1840 paciencia
1021 1800 1060 1830 V.
1137 1800 1156 1830 5
1184 1797 1264 1841 ipse
1290 1797 1468 1838 audivi,

111 1842 184 1876 sed
210 1847 257 1877 ut
285 1853 353 1876 ros
382 1843 629 1877 Mum-emas:
657 1843 729 1887 ipsi
755 1847 794 1877 A.
912 1848 930 1877 6
959 1844 1162 1888 inprudens
1190 1846 1332 1879 Laeter:
1360 1844 1468 1888 inpu-

113 1890 202 1923 dens
223 1893 299 1923 AR,
377 1894 393 1922 7
421 1890 688 1936 permisissem]
715 1891 985 1935 permississem
1005 1896 1030 1925 L
1050 1904 1095 1926 m.
1112 1904 1170 1936 pr.
1183 1895 1221 1926 V.
1299 1895 1318 1924 9
1339 1902 1468 1936 proca-

113 1936 207 1982 cius]
228 1937 416 1980 proc-atius
436 1941 473 1971 P.
548 1939 601 1984 se]
623 1938 701 1973 sine
723 1942 758 1972 P.
835 1942 878 1973 10
899 1940 1111 1985 venatione]
1130 1939 1335 1974 uenat-ione
1355 1942 1395 1973 V.

113 1985 304 2030 gessisset]
332 1985 526 2028 gressisset
551 1989 591 2020 R.
733 1990 775 2020 12
802 1987 949 2030 oportet
975 1987 1196 2022 Frobenms:
1231 1988 1401 2031 oportere
1427 1990 1467 2027 A,

114 2033 283 2076 oportere
310 2043 393 2066 eum
419 2036 457 2066 R.
556 2033 681 2067 ferunt
706 2034 917 2068 Acidalius:
948 2036 990 2068 ut
1015 2037 1061 2075 A,
1089 2046 1152 2068 om.
1176 2038 1215 2067 R.
1322 2045 1343 2068 a
1369 2035 1466 2068 tuto-

112 2079 230 2125 ribus]
252 2081 317 2113 aut
330 2079 472 2114 toribus
495 2083 532 2114 V.
609 2085 650 2115 16
671 2081 909 2127 permittunt]
924 2081 1129 2126 permitunt
1149 2085 1185 2115 L.
1263 2085 1304 2115 17
1325 2081 1467 2126 ignaris

112 2127 257 2171 scripsi:
291 2127 472 2171 ignoratis
499 2131 575 2161 AR.
700 2132 741 2162 19
770 2129 1068 2175 Parmenionem]
1100 2128 1403 2174 parmoenionem
1430 2132 1465 2162 B.

116 2177 159 2207 20
181 2173 355 2208 Philotan
375 2177 432 2207 BL
456 2186 498 2208 m.
519 2186 583 2210 sec.
604 2179 649 2209 R:
671 2175 854 2220 phylotan
868 2179 948 2220 FV,
967 2176 1152 2221 philotam
1172 2180 1196 2209 L
1220 2188 1262 2210 m.
1279 2188 1337 2220 pr.
1358 2180 1394 2210 P.

114 2221 348 2267 Lyncestem]
374 2221 565 2266 lyncesten
592 2226 629 2265 F,
654 2223 849 2258 lincestem
869 2227 908 2258 B..
1034 2228 1076 2258 21
1105 2224 1294 2268 quamvis
1319 2224 1466 2268 scripsi:

114 2267 172 2301 bis
193 2271 269 2302 AR.
351 2273 393 2303 22
421 2268 631 2315 litterisque
653 2271 728 2304 suis
751 2271 897 2315 scripsi:
925 2270 1085 2305 liberaui
1104 2283 1229 2305 rursus
1251 2274 1327 2304 AB..
1402 2281 1468 2315 per

114 2315 317 2363 triennium
343 2320 375 2350 1:
415 2316 667 2361 patriennium
693 2321 735 2359 1³,
768 2318 1002 2362 parmenium
1032 2323 1078 2361 R,
1116 2330 1182 2363 per
1214 2318 1407 2352 biennium
1434 2322 1466 2352 C.

118 2366 161 2396 25
189 2362 306 2397 Clitus
333 2367 358 2397 L
378 2375 468 2399 corr.
488 2368 533 2399 B:
562 2364 682 2409 clytus
709 2368 849 2400 BFPV.

1491 704 1510 733 0³
