1610 2522
362 85 695 120 HISTORIAR-UM
721 84 1006 119 ALEXANDRI
1031 84 1091 126 VI,
1119 88 1148 118 9.
1352 83 1434 125 185

85 211 210 251 quam
243 196 347 238 civis
380 196 571 237 victima!
619 193 745 236 Nunc
778 197 969 235 servatus
1003 208 1052 235 ex
1085 193 1297 247 periculis,
1331 207 1437 247 quae

85 256 174 297 sola
207 256 343 309 timui,
374 255 418 296 in
450 254 553 295 haec
580 254 720 305 incidi,
753 268 861 308 quae
885 254 1036 294 timere
1062 267 1147 293 non
1175 252 1311 293 debui.
1365 252 1437 293 So·
1465 263 1511 294 24

83 316 180 357 letis
212 315 441 356 identidem
476 329 499 355 a
530 329 615 367 me,
659 313 834 366 milites,
880 316 1039 367 petere,
1081 315 1129 353 ut
1163 313 1286 353 saluti
1322 326 1437 353 meae

84 389 266 430 parcam.
328 373 415 428 Ipsi
456 373 561 414 mihi
601 375 816 427 praestare
852 372 1047 426 potestis,
1093 372 1207 425 quod
1240 371 1439 425 suadetis,

50 451 63 474 5
85 437 132 474 ut
176 434 341 475 faciam.
404 432 471 473 Ad
509 436 669 474 vestras
711 447 879 485 manus,
924 431 976 472 ad
1012 434 1152 472 vestra
1194 446 1310 472 arma
1343 445 1438 472 con—

85 493 222 548 fugio:
267 492 412 534 invitis
450 492 572 533 vobis
615 491 756 533 salvus
790 506 879 532 8888
912 492 1030 544 nolo,
1074 490 1321 532 volentibus
1353 505 1438 532 non

14 556 63 591 35
85 567 276 606 possum,
318 552 402 593 nisi
447 551 662 593 vindicor.'
736 550 843 591 Tum
877 550 1079 592 Philotan
1117 550 1308 605 religatis
1341 553 1437 604 post
1465 561 1513 591 26

84 615 252 667 tergum
297 611 494 652 manibus
540 610 730 651 obsoleto
771 609 952 651 amiculo
992 609 1179 651 velatum
1218 610 1343 650 iussit
1379 609 1437 649 in-

86 671 191 712 duci.
242 670 384 712 Facile
417 670 657 724 adparebat.
691 672 830 711 motos
864 684 953 711 esse
986 672 1075 710 tam
1107 669 1342 710 miserabili
1368 668 1438 709 ha-

34 749 65 773 10
85 731 178 771 bitu
221 744 308 771 non
353 730 442 771 sine
480 729 640 770 invidia
678 730 805 783 paulo
845 732 942 770 ante
985 729 1213 784 conspecti.
1276 728 1437 768 Ducem
1467 739 1514 769 ⁶26

86 790 300 843 equitatus
326 789 462 843 pridie
489 788 691 842 viderant,
718 788 908 829 sciebant
932 789 1047 843 regis
1073 788 1317 829 interfuisse
1344 802 1440 829 con-

86 849 218 890 vivio:
250 851 423 903 repente
449 863 566 890 reum
596 848 780 902 quidem,
812 847 883 888 sed
909 848 993 888 iam
1020 847 1280 901 damnatum,
1307 848 1438 888 immo

85 908 276 949 vinctum
328 908 613 949 intuebantur.
695 905 878 948 Subibat
928 907 1094 949 animos
1143 907 1439 948 Parmenionis
1466 918 1511 949 2⁵1·

87 982 268 1022 quoque,
300 968 409 1008 tanti
443 967 572 1021 ducis,
604 970 691 1008 tam
722 967 822 1007 clari
851 966 966 1020 civis,
996 966 1182 1020 fortuna,
1215 966 1289 1020 qui
1315 966 1438 1021 [quo]

34 1046 65 1071 15
90 1027 213 1068 modo
248 1027 413 1068 duobus
446 1027 558 1081 filiis,
589 1025 773 1067 Hectore
805 1041 853 1067 ac
878 1000 1104 1079 Nicanore,
1137 1026 1313 1067 orbatus
1345 1040 1440 1066 cum

88 1100 154 1137 eo,
200 1101 325 1140 quem
364 1061 575 1140 reliquum
617 1086 836 1126 calamitas
874 1085 1050 1139 fecer-‚at
1096 1086 1246 1127 absens
1283 1086 1439 1126 diceret

89 1160 269 1187 causam.
318 1144 468 1199 Itaque
488 1145 711 1199 Amynta&
736 1145 879 1200 regius
906 1148 1088 1199 praetor,
1112 1145 1362 1186 inclinatam
1391 1144 1441 1185 ad
1468 1156 1513 1187 28

90 1205 423 1247 misericordiam
475 1206 716 1245 contionem
768 1219 915 1245 rursus
965 1219 1116 1259 aspera
1156 1205 1199 1245 in
1240 1203 1440 1245 Philotan

90 1266 281 1306 oratione
302 1265 550 1306 commovit:
577 1264 770 1318 proditos
790 1279 861 1305 eos
882 1279 972 1305 esse
992 1263 1203 1305 barbaris:
1228 1264 1441 1304 neminem

35 1342 67 1367 ρο
89 1323 140 1365 ad
172 1324 396 1379 coniugem
431 1339 549 1364 suam
578 1325 620 1363 in
647 1324 828 1377 patriam
857 1326 899 1364 et
924 1324 974 1364 ad
1001 1327 1198 1377 parentes
1225 1338 1324 1364 suos
1352 1337 1441 1364 esse

88 1383 341 1437 rediturum,
386 1384 503 1424 velut
540 1385 738 1423 truncum
779 1397 932 1437 corpus
972 1383 1142 1437 dempto
1183 1383 1319 1436 capite
1353 1383 1441 1423 sine

89 1442 260 1497 spiritu,
302 1443 392 1483 sine
430 1443 600 1483 nomine
633 1442 769 1483 aliena
800 1445 915 1483 terra
946 1442 1177 1483 ludibrium
1209 1441 1347 1483 hostis
1379 1441 1441 1481 fu-

88 1505 218 1542 turos,
290 1501 632 1556 Haudquaquam
665 1516 741 1555 pro
776 1516 849 1555 spe
883 1502 1017 1555 ipsius
1050 1500 1264 1556 Amyntae
1306 1501 1440 1542 oratio
1468 1513 1514 1543 29

89 1564 209 1616 grata
242 1561 333 1616 regi
364 1560 459 1613 fuit,
492 1560 605 1614 quod
638 1561 880 1615 coniugum,
913 1561 1027 1614 quod
1059 1561 1220 1614 patriae
1254 1561 1443 1601 admoni-

18 1624 68 1658 36
89 1624 156 1661 tos
182 1621 391 1675 pigriores
419 1621 469 1661 ad
497 1623 632 1661 cetera
660 1620 804 1661 munia
831 1620 1075 1674 exequenda
1100 1621 1280 1661 fecisset.
1332 1619 1441 1660 Tum
1468 1632 1515 1662 30

36 1697 68 1721 26
91 1678 267 1733 CoenuS,
294 1694 550 1733 quamquam
571 1678 766 1721 Philotae
793 1693 981 1721 sororem
1001 1680 1275 1721 matrimonio
1297 1694 1440 1720 secum

186 1776 205 1805 3
232 1772 454 1818 identidem]
481 1772 699 1806 idemtidem
722 1776 753 1806 G.
829 1778 848 1806 ἶ)
875 1772 1029 1818 faciam]
1050 1772 1184 1806 fatiam
1202 1776 1238 1805 L.
1316 1776 1333 1806 7
1355 1772 1441 1806 Phi-

90 1820 209 1866 lotan]
235 1820 417 1864 phylotan
443 1823 550 1853 FLV.
666 1819 850 1866 religatis]
875 1819 1053 1864 relegatis
1078 1823 1103 1853 P
1125 1832 1167 1854 m.
1182 1832 1242 1864 pr.
1359 1821 1442 1864 post

91 1870 236 1912 tergum
256 1871 288 1900 1:
316 1869 531 1912 postergum
555 1870 592 1900 A.
687 1870 706 1900 9
733 1877 812 1901 esse
837 1868 932 1914 tam]
960 1870 1056 1901 esset
1081 1867 1155 1901 iam
1185 1869 1235 1902 rel
1261 1869 1358 1901 esset
1384 1879 1442 1900 am

91 1918 115 1947 P
135 1926 179 1949 m.
195 1927 253 1959 pr.
388 1919 429 1948 11
456 1914 685 1960 interfuisse]
717 1914 906 1950 iterfuisse
939 1919 971 1948 c.
1096 1919 1138 1948 12
1173 1915 1249 1948 iam
1281 1916 1440 1958 Ieepz'us:

92 1962 204 1996 etiam
232 1965 271 1996 A.
393 1962 521 2007 immo]
548 1962 587 1995 in
612 1965 649 2004 Ρ,
674 1963 735 1996 sed
760 1973 859 1997 mmo
883 1974 973 1997 eras.
1001 1967 1032 1997 et
1056 1964 1097 1997 in
1123 1963 1287 2008 marfflsne
1312 1973 1356 1996 m.
1376 1973 1441 1996 sec.

92 2009 176 2044 add.
203 2009 327 2043 immo.
452 2013 493 2043 13
520 2009 701 2055 vinctum]
734 2010 876 2043 uictum
901 2014 937 2044 L.
1061 2009 1332 2055 Parmenionis]
1359 2021 1443 2053 par-

91 2056 296 2091 moenionis
322 2061 357 2090 P.
467 2060 510 2090 14
536 2056 600 2101 qui
626 2061 658 2090 1:
686 2056 750 2100 qui
776 2068 848 2100 quo
875 2060 914 2091 A.
1022 2062 1063 2090 15
1091 2057 1249 2091 Hectore
1275 2061 1307 2090 1:
1335 2057 1443 2091 haec-

92 2106 170 2137 tore
196 2108 235 2138 A.
355 2108 395 2138 17
422 2104 619 2149 Amyntas]
647 2104 807 2138 amintas
834 2108 903 2138 FP.
1022 2105 1242 2138 inclinatam
1270 2108 1308 2137 c:
1336 2103 1443 2138 incli—

92 2154 244 2185 nantem
264 2155 299 2185 P.
400 2155 442 2186 18
469 2151 659 2197 Philotan]
679 2151 860 2195 phylotan
882 2156 913 2185 c.
1015 2156 1057 2186 20
1085 2163 1168 2186 suos
1196 2162 1274 2186 esse
1296 2153 1441 2196 scripsi:

93 2198 207 2232 fuisse
233 2202 272 2231 A.
353 2203 397 2233 ‘22
424 2199 574 2244 spiritu]
602 2199 754 2243 spiritus
780 2202 816 2232 P.
898 2203 941 2233 23
967 2210 1033 2243 pro
1061 2210 1125 2244 spe
1153 2200 1441 2234 Freinshemius:

94 2256 266 2289 prospere
293 2249 331 2279 A.
423 2246 624 2291 Amyntae]
650 2247 813 2280 amintae
839 2250 951 2289 FLV,
979 2247 1170 2280 admintae
1190 2250 1226 2279 P.
1314 2250 1357 2280 24
1379 2247 1444 2280 ad-

94 2293 269 2338 monitos]
292 2293 502 2327 admonitus
523 2298 548 2326 P
568 2305 612 2327 m.
628 2304 688 2337 pr.
812 2297 855 2326 25
881 2294 1080 2340 pigriores]
1108 2293 1308 2338 prigriores
1334 2297 1370 2327 P.

95 2339 187 2373 Tum
213 2344 255 2373 P:
282 2342 370 2373 tunc
397 2344 429 2374 G.
529 2344 571 2374 26
598 2340 786 2386 Philotae]
812 2341 990 2384 phylotae
1017 2346 1048 2375 c.
