1610 2522
366 134 699 168 HISTORIARUM
726 134 1007 169 ALEXANDRI
1035 135 1145 176 vnn,
1175 141 1203 169 1.
1375 135 1455 175 311

107 258 275 299 quoque
317 243 596 299 confugerant
639 244 818 297 incolae,
864 244 995 285 duxit.
1060 243 1271 298 Oppidani
1306 244 1463 298 missis,
1491 256 1533 284 20

108 304 179 357 qui
226 318 367 359 regem
414 303 756 357 deprecarentur,
800 303 937 344 nihilo
976 304 1115 344 minus
1152 304 1311 345 belluni
1345 319 1463 357 para-

110 363 224 404 bant.
276 362 442 417 Quippe
475 365 569 403 orta
594 362 745 404 seditio
773 362 815 403 in
843 363 1007 403 diversa
1035 363 1212 404 consilia
1238 363 1462 404 diduxerat

107 422 302 477 vulgum:
336 423 409 463 alii
442 423 583 463 omnia
618 422 831 463 deditione
863 423 1049 476 potiora,
1096 423 1267 476 quidam
1300 424 1461 464 nullam

72 500 86 523 5
108 496 230 535 opem
274 482 317 522 in
350 482 453 535 ipsis
486 496 574 522 esse
608 482 828 523 ducebant.
893 481 974 523 Sed
1007 482 1107 523 dum
1133 481 1243 522 nihil
1275 482 1319 522 in
1352 496 1458 522 com·
1490 493 1531 523 21

107 556 232 582 mune
260 541 507 591 consulitur,
541 542 613 594 qui
641 540 844 582 deditioni
874 541 1150 594 inminebant,
1182 542 1339 595 apertis
1367 556 1462 595 por-

106 602 161 641 tis
194 600 360 641 hostem
394 601 616 655 recipiunt.
668 600 910 641 Alexander
943 615 1201 655 quamquam
1235 601 1337 642 belli
1368 615 1463 641 auc·
1490 612 1532 642 22

106 659 272 700 toribus
308 660 395 700 iure
430 663 597 714 poterat
629 660 765 713 irasci,
803 664 945 701 tamen
979 660 1177 701 omnibus
1214 661 1332 700 venia
1365 660 1462 701 data

107 722 149 759 et
176 719 396 760 obsidibus
424 720 608 773 acceptis
636 720 687 759 ad
713 720 952 773 proximam
980 719 1130 760 deinde
1150 719 1299 760 urbem
1324 722 1461 760 castra

55 796 85 820 ιο
107 779 252 820 movit.
317 778 494 820 Obsides
528 779 790 819 ducebantur
821 782 918 820 ante
951 794 1119 834 agmen:
1154 793 1259 833 quos
1286 794 1379 819 cum
1409 794 1459 820 ex
1489 790 1532 820 23

107 839 240 879 muris
286 838 575 893 agnovissent,
620 841 770 892 utpote
815 841 954 894 gentis
994 839 1200 892 eiusdem,
1246 839 1287 878 in
1333 841 1461 880 collo-

107 898 253 951 quium
295 897 457 938 incolae
496 901 764 939 vocaverunt.
840 897 909 939 Illi
949 898 1219 940 clementiam
1260 898 1371 952 regis
1411 898 1462 938 si-

108 957 280 1011 mulque
322 957 404 997 vini
447 957 818 998 commemorando
861 957 913 998 ad
952 958 1208 998 deditionem
1252 972 1323 998 eos
1367 972 1461 999 con-

106 1016 271 1070 pulere:
306 1019 550 1070 ceterasque
583 1017 709 1058 urbes
743 1017 871 1057 simili
902 1018 1026 1059 modo
1054 1018 1236 1058 domitas
1264 1017 1308 1057 in
1335 1017 1460 1057 fidem

54 1094 85 1118 15
107 1076 278 1129 accepit.

63 1139 85 1173 5
196 1134 309 1176 Hinc
342 1136 384 1175 in
416 1149 595 1190 regnum
624 1135 816 1189 Sopithis
848 1138 1098 1190 perventum
1133 1139 1206 1176 est.
1259 1134 1383 1188 Gens,
1416 1138 1463 1176 ut
1490 1148 1533 1177 24

105 1194 274 1235 barbari
319 1194 512 1247 credunt,
557 1195 765 1248 sapientia
810 1197 985 1237 excellet
1026 1195 1233 1249 bonisque
1269 1195 1461 1236 moribus

106 1255 278 1309 regitur.
331 1253 506 1295 Genitos
538 1255 696 1295 liberos
729 1269 815 1295 non
847 1257 1071 1309 parentum
1099 1255 1276 1296 arbitrio
1304 1256 1463 1296 tollunt
1489 1266 1532 1296 25

106 1313 320 1367 aluntque‚
355 1314 427 1354 sed
460 1329 619 1368 eorum,
660 1314 816 1368 quibus
851 1315 1070 1368 spectandi
1103 1315 1313 1355 infantum
1346 1314 1462 1354 habi-

53 1390 86 1414 20
105 1375 196 1413 tum
243 1387 343 1414 cura
386 1373 583 1414 mandata
629 1377 701 1416 est.
775 1372 820 1414 Si
866 1389 972 1428 quos
1014 1375 1124 1415 vitiis
1162 1373 1350 1428 insignes
1389 1376 1463 1413 aut

106 1431 248 1486 aliqua
291 1435 411 1486 parte
454 1433 743 1473 membrorum
788 1434 961 1474 inutiles
1006 1436 1278 1486 notaverimt,
1322 1433 1464 1474 necari

105 1492 264 1532 iubent.
328 1491 502 1545 Nuptiis
540 1496 692 1533 coeunt
723 1507 810 1533 non
845 1507 996 1548 genere
1030 1507 1078 1534 ac
1110 1492 1334 1534 nobilitate
1368 1506 1463 1533 con·
1489 1504 1533 1533 26

105 1551 273 1603 iunctis,
309 1551 380 1591 sed
413 1552 546 1592 electa
579 1566 804 1605 corporum
838 1553 988 1606 specie,
1030 1553 1128 1606 quia
1162 1552 1307 1593 eadem
1340 1552 1462 1592 aesti—

106 1613 247 1651 matur
279 1612 322 1651 in
355 1610 513 1651 liberis.
578 1610 715 1652 Huius
749 1612 887 1666 gentis
922 1612 1138 1666 oppidum,
1179 1612 1247 1652 cui
1279 1610 1462 1651 Alexan·
1490 1623 1532 1652 27

53 1686 84 1710 25
106 1669 179 1709 der
223 1669 468 1711 admoverat
514 1671 676 1724 copias,
720 1671 772 1711 ab
818 1671 911 1725 ipso
952 1670 1130 1725 Sopithe
1177 1671 1461 1712 obtinebatur.

107 1727 284 1769 Clausae
324 1732 443 1770 erant
481 1733 647 1783 portae,
693 1731 766 1770 sed
803 1730 908 1771 nulli
944 1731 986 1771 in
1020 1731 1154 1771 muris
1187 1730 1461 1783 turribusque

105 1802 147 1828 se
181 1788 333 1829 armati
366 1789 663 1841 ostendebant,
708 1789 1046 1844 dubitabantque
1079 1790 1349 1842 Macedones,
1396 1789 1461 1829 de-

105 1847 335 1888 seruissent
366 1848 515 1889 urbem
549 1849 711 1890 incolae
744 1864 796 1889 an
828 1849 976 1890 fraude
1003 1864 1047 1890 se
1075 1849 1332 1890 occulerent:
1366 1862 1461 1889 cum
1490 1859 1532 1889 28

105 1906 246 1947 subito
288 1907 498 1959 patefacta
539 1912 663 1962 porta
700 1922 774 1948 rex
805 1907 935 1949 Indus
975 1923 1071 1950 cum
1105 1908 1271 1950 duobus
1304 1907 1460 1949 adultis

200 2015 219 2044 2
247 2011 364 2045 nihilo
391 2011 530 2057 minus]
558 2012 650 2045 nihil
677 2012 849 2046 hominus
876 2017 910 2046 P.
1053 2017 1071 2046 3
1102 2013 1299 2047 diduxerat
1328 2013 1462 2047 Frobe-

103 2059 205 2092 nius:
243 2059 447 2092 deduxerat
473 2062 511 2091 A.
645 2064 665 2093 4
692 2060 855 2106 potiora]
888 2061 1040 2104 pociora
1065 2064 1101 2094 L.
1234 2064 1276 2094 12
1304 2059 1462 2094 incolae

105 2108 328 2139 vocaverunt
342 2107 570 2141 Damstee'us:
587 2107 862 2142 collocauerunt
875 2112 911 2149 P,
929 2109 1230 2142 conuocauerunt
1247 2112 1279 2141 C.
1340 2111 1381 2140 1ss
1398 2107 1460 2141 So-

105 2152 221 2196 pithis
249 2153 497 2188 Mufetzelzius:
533 2154 704 2198 Sophites
731 2158 770 2189 A.
895 2158 938 2189 20
966 2156 1096 2190 vitiis
1121 2155 1286 2199 insignes
1312 2156 1461 2199 scripsi:

108 2199 273 2244 insignes
301 2204 340 2235 A.
463 2201 542 2247 aut]
569 2201 669 2235 haud
696 2206 739 2243 P,
767 2203 841 2236 aud
867 2206 892 2235 L
917 2214 1036 2247 φημ’.
1160 2207 1202 2236 21
1231 2202 1372 2247 necari]
1399 2212 1462 2235 ne-

106 2247 187 2290 gari
214 2251 249 2281 P.
349 2253 393 2282 24
419 2249 615 2294 oppidum]
649 2249 801 2294 opidum
826 2253 862 2283 L.
962 2250 1036 2295 cui]
1064 2251 1168 2284 cuius
1195 2254 1227 2283 C.
1327 2253 1370 2283 25
1399 2248 1461 2283 So-

106 2293 211 2338 pithe
240 2296 488 2330 Ivluetzellz'us:
517 2296 663 2340 sophite
683 2300 709 2329 P
727 2309 772 2331 m.
789 2309 860 2341 pr„
888 2297 1008 2341 sopite
1037 2301 1069 2340 C,
1095 2298 1156 2332 sed
1181 2298 1221 2331 »in
1248 2299 1311 2329 BV
1332 2309 1376 2330 m.
1397 2307 1460 2330 sec.

107 2341 265 2384 sophite,
291 2342 331 2375 in
357 2346 382 2375 P
401 2355 445 2376 m.
466 2355 533 2378 rec.
562 2343 734 2388 sophithe
761 2355 850 2379 corr.
936 2348 978 2378 29
1006 2346 1114 2388 porta
1140 2345 1218 2389 rex]
1245 2346 1372 2387 portas
1399 2353 1460 2376 rex

106 2392 131 2421 P
150 2400 195 2422 m.
217 2400 283 2431 pr,
309 2391 457 2432 portare
483 2394 508 2423 L
534 2402 579 2425 m.
596 2402 654 2434 pr.
