1610 2522
58 673 101 703 30

58 910 97 941 31

56 1089 100 1119 32

57 1268 100 1298 33

59 1506 102 1536 34

58 1625 101 1655 35

58 1744 101 1774 36

128 77 214 117 354
634 74 674 115 Q.
702 73 843 108 CURTI
870 73 981 107 RUFI

128 185 265 237 terim,
299 185 495 238 quotiens
529 184 617 224 sine
651 182 822 224 arbitris
855 185 956 235 erat,
989 182 1181 223 credulas
1214 182 1326 237 regis
1358 196 1481 223 aures

128 244 336 299 inplebat,
378 243 649 284 dissimulans
682 257 849 283 causam
885 243 988 294 irae,
1027 256 1110 295 quo
1144 242 1314 296 gravior
1346 241 1482 282 crimi-

127 304 269 345 nantis
310 303 541 344 auctoritas
583 305 703 343 esset.
778 300 979 342 Nondum
1024 304 1245 355 suspectus
1287 304 1377 341 erat
1409 298 1484 341 Or-

130 364 253 416 sines,
287 363 369 403 iam
403 365 546 403 tamen
578 361 720 402 vilior:
754 375 849 402 reus
880 362 991 401 enim
1019 361 1062 401 in
1089 363 1250 402 secreto
1277 359 1485 415 agebatur

127 423 300 463 latentis
334 421 512 476 periculi
547 421 731 477 ignarus.
787 420 843 461 Et
870 420 1268 474 inportunissimum
1297 422 1482 461 scortum

128 498 179 523 ne
214 483 253 522 in
289 484 436 535 stupro
471 480 639 534 quidem
675 483 717 522 et
750 479 966 521 dedecoris
992 478 1198 533 patientia
1222 478 1384 519 fraudis
1412 478 1483 519 ob-

128 541 266 594 litum,
299 541 496 595 quotiens
524 554 711 581 amorem
738 539 850 595 regis
878 539 919 579 in
948 553 991 579 se
1018 538 1276 591 accenderat,
1303 536 1484 579 Orsinen

128 601 256 642 modo
298 600 518 653 avaritiae,
563 599 774 640 interdum
817 599 942 639 etiam
984 597 1234 639 defectionis
1267 597 1482 652 arguebat.

127 659 215 701 Iam
258 663 425 700 matura
466 662 586 700 erant
626 659 670 699 in
711 658 936 712 perniciem
982 657 1221 698 innocentis
1253 656 1484 709 mendacia,

129 723 169 760 et
201 720 349 773 fatum,
382 719 502 760 cuius
536 718 795 759 inevitabilis
829 732 920 758 sors
953 720 1027 771 est,
1059 717 1286 770 adpetebat
1357 715 1484 757 Forte

128 780 240 820 enim
275 779 546 833 sepulchrum
575 777 676 832 Cyri
702 776 944 818 Alexander
974 776 1099 818 iussit
1125 777 1292 830 aperiri,
1326 775 1370 816 in
1399 790 1482 829 quo

129 841 218 880 erat
259 838 478 879 conditum
521 837 610 878 eius
652 852 821 891 corpus,
869 836 934 877 cui
969 835 1065 877 dare
1098 835 1268 876 volebat
1301 835 1484 876 inferias.

129 899 247 939 Auro
269 900 530 951 argentoque
552 897 835 938 conditorium
851 895 1061 949 repletum
1080 909 1168 936 esse
1184 895 1481 936 crediderat—

130 959 286 1012 quippe
314 959 374 998 ita
405 958 519 997 fama
541 956 691 996 Persae
724 956 1003 1010 vulgaverant
1023 980 1097 1008 —,
1131 954 1201 995 sed
1224 957 1392 1008 praeter
1412 952 1484 994 cli-

129 1032 252 1071 peum
267 1017 355 1058 eius
368 1020 536 1070 putrem
549 1018 590 1056 et
602 1030 722 1056 arcus
736 1015 841 1056 duos
856 1014 1080 1069 Scythicos
1093 1017 1134 1055 et
1148 1014 1360 1055 acinacem
1375 1012 1483 1053 nihil

129 1076 326 1131 repperit.
361 1075 556 1116 Ceterum
575 1089 732 1116 corona
752 1089 878 1115 aurea
897 1074 1085 1128 inposita
1113 1073 1308 1126 amiculo,
1329 1073 1396 1113 cui
1417 1072 1484 1112 ad-

129 1139 271 1177 suerat
295 1136 397 1190 ipse,
421 1134 588 1187 solium,
615 1136 658 1175 in
680 1149 764 1189 quo
790 1148 943 1187 corpus
971 1133 1144 1187 iacebat,
1176 1132 1334 1173 velavit
1360 1131 1484 1172 mira-

129 1199 196 1237 tus
223 1196 330 1236 tanti
365 1194 550 1235 nominis
584 1208 725 1249 regem
759 1194 890 1235 tantis
922 1193 1161 1247 praeditum
1191 1191 1344 1246 opibus
1371 1190 1485 1231 haud

127 1255 356 1310 pretiosius
383 1253 599 1308 sepultum
627 1268 728 1306 esse,
756 1267 882 1306 quam
911 1252 943 1293 si
972 1252 1122 1293 fuisset
1149 1266 1170 1292 e
1197 1251 1330 1305 plebe.
1382 1250 1485 1291 Pro-

128 1316 268 1355 ximus
313 1317 402 1354 erat
446 1313 570 1354 lateri
614 1313 762 1367 spado:
818 1312 891 1366 qui
936 1325 1078 1366 regem
1122 1312 1310 1351 intuens:
1356 1309 1485 1358 ‘Quid

128 1373 312 1423 mirum‚’
345 1373 497 1427 inquit,
530 1373 610 1413 ‘est
643 1371 784 1412 inania
817 1370 1039 1425 sepulchra
1072 1385 1160 1411 esse
1193 1384 1354 1424 regum,
1389 1383 1484 1411 cum

129 1437 395 1487 satraparum
423 1433 573 1473 domus
599 1446 747 1472 aurum
777 1431 873 1471 inde
901 1432 1090 1485 egestum
1113 1444 1263 1483 capere
1282 1444 1368 1469 non
1392 1442 1486 1483 pos-

128 1494 242 1534 sint?
293 1492 416 1541 Quod
449 1491 501 1532 ad
532 1506 599 1532 me
631 1491 798 1543 attinet,
831 1490 921 1544 ipse
947 1489 1026 1530 hoc
1055 1489 1224 1530 bustum
1254 1490 1378 1529 antea
1399 1502 1486 1528 non

129 1553 333 1606 videram,
379 1551 451 1592 sed
497 1566 546 1592 ex
580 1550 719 1591 Dareo
764 1550 824 1590 ita
862 1549 1003 1603 accepi
1036 1561 1085 1589 111
1128 1548 1245 1589 milia
1277 1548 1485 1589 talentum

129 1612 299 1653 condita
331 1625 422 1651 esse
455 1624 550 1651 cum
571 1609 694 1664 Cyro.
746 1608 858 1650 Hinc
891 1609 964 1649 illa
996 1608 1238 1663 benignitas
1269 1608 1313 1648 in
1340 1610 1394 1660 te,
1426 1608 1486 1660 ut,

130 1671 243 1725 quod
295 1671 451 1724 inpune
502 1669 657 1710 habere
701 1684 785 1710 non
831 1671 1000 1722 poterat
1044 1666 1238 1721 Orsines,
1290 1665 1485 1707 donando

129 1732 256 1772 etiam
300 1729 482 1785 gratiam
525 1729 678 1769 iniret.’
750 1727 1047 1769 Concitaverat
1087 1728 1171 1768 iam
1214 1726 1402 1766 animum
1442 1725 1484 1766 in

131 1791 249 1843 iram,
282 1803 377 1830 curn
411 1789 453 1843 ii,
491 1788 645 1842 quibus
678 1788 898 1843 negotium
931 1786 1042 1827 idem
1077 1786 1259 1839 dederat,
1292 1798 1486 1839 superve-

228 1911 244 1940 1
274 1905 462 1951 quotiens]
496 1905 671 1948 quociens
707 1908 814 1938 FLV.
947 1907 967 1937 6
994 1902 1193 1948 patientia]
1235 1901 1422 1946 pacientia
1448 1904 1483 1934 P.

133 1959 149 1988 Τ
179 1954 366 1999 quotiens]
394 1953 569 1997 quociens
596 1956 621 1985 L
642 1964 685 1987 m.
702 1965 761 1997 pr.
782 1955 818 1985 P.
915 1954 935 1985 9
961 1950 1172 1996 mendacia]
1199 1948 1389 1983 mendatia
1415 1951 1483 1981 LV.

132 2006 174 2036 13
205 2002 453 2036 conditorium
476 2000 669 2035 Heinsius:
698 1999 889 2033 conditum
911 2002 950 2032 A.
1051 2002 1093 2031 14
1120 1997 1281 2041 clipeum
1310 1996 1484 2030 Muetzel-

131 2051 218 2084 lius:
255 2048 428 2092 clypeum
453 2051 482 2080 A
515 2047 729 2093 [clyppeum
755 2047 811 2092 vj.
960 2050 1001 2079 15
1035 2044 1244 2089 Scythicos]
1271 2042 1484 2087 schythicos

130 2101 167 2137 F,
195 2097 369 2130 scithicos
395 2099 434 2129 V.
558 2094 668 2139 nihil]
696 2093 810 2127 nichil
837 2097 873 2126 F.
998 2096 1040 2126 16
1073 2092 1252 2136 repperit]
1280 2090 1418 2134 reperit
1444 2094 1483 2123 V.

133 2148 172 2178 1ῖ
202 2144 350 2189 solium]
379 2142 470 2178 solio
497 2146 539 2184 P,
573 2141 691 2176 solum
718 2145 743 2174 F
764 2154 808 2175 m.
824 2152 882 2185 pr.
984 2144 1026 2174 18
1059 2138 1285 2184 praeditum]
1315 2138 1483 2184 peditum

130 2195 156 2225 B
179 2204 294 2235 impr.
411 2194 452 2224 19
480 2189 695 2235 pretiosius]
722 2189 882 2233 pciosius
909 2191 943 2221 P.
1056 2191 1095 2220 21
1126 2186 1262 2232 inquit]
1291 2185 1420 2229 inquid
1450 2188 1482 2218 c.

131 2244 173 2273 22
202 2239 304 2284 inde]
332 2238 441 2272 ind*e
462 2242 497 2271 P.
598 2241 640 2271 ‘24
668 2237 810 2281 accepi]
839 2235 958 2279 accipi
985 2239 1020 2268 P.
1113 2233 1312 2279 talentum]
1339 2232 1485 2267 talenta.

130 2291 155 2320 P
178 2299 219 2320 m.
236 2299 294 2331 pr.
418 2290 460 2319 26
493 2285 647 2330 inpune]
674 2284 822 2328 inpuiae
850 2287 875 2316 P
896 2295 939 2317 m.
955 2294 1012 2327 pr.
1114 2285 1157 2316 28
1190 2281 1215 2314 ii
1251 2281 1483 2315 Vz'ndelinus:

129 2334 183 2368 hii
210 2338 238 2367 A
264 2333 319 2380 [hi
346 2334 398 2379 F].

1521 436 1536 461 5

1504 660 1527 696 5

1505 734 1538 758 10

1505 1030 1536 1055 15

1505 1327 1538 1351 20

1506 1624 1540 1648 25
