1610 2522
348 81 683 118 HISTORIARUM
711 80 993 115 ALEXANDRI
1021 80 1132 123 vnn,
1162 84 1215 116 10.
1374 80 1458 121 347

105 193 266 234 rabiem
293 192 585 246 desperatione
615 190 725 231 versi
752 204 895 244 parem
924 204 1000 231 suo
1028 190 1188 230 exitum
1216 190 1460 242 similesque

36 257 83 293 41
107 253 211 307 ipsis
253 252 411 293 amicos
453 254 495 293 et
537 250 860 293 contubernales
904 249 1198 303 precabantur.
1264 248 1354 290 Rex
1387 249 1460 288 do-
1490 259 1530 290 17

105 312 195 353 lore
228 313 355 353 simul
387 325 434 353 ac
466 310 627 365 pudore
661 310 824 362 anxius7
863 309 962 362 quia
995 322 1120 349 causa
1152 311 1296 349 tantae
1329 307 1460 349 cladis

105 373 197 426 ipse
229 374 359 425 esset,
395 371 447 411 ad
478 369 848 423 Phrataphernen‚
880 367 1218 421 Parthyaeorum
1251 372 1462 421 satrapen,

70 450 84 475 5
105 431 235 484 misit,
261 430 334 484 qui
361 430 525 471 iuberet
552 429 722 470 camelis
751 430 869 470 cocta
896 427 1057 469 cibaria
1077 426 1243 480 adferri,
1270 427 1461 480 aliosque

106 490 384 531 finitimarum
422 489 643 543 regionum
683 487 921 542 praefectos
961 487 1160 528 certiores
1194 485 1460 527 necessitatis

106 564 205 592 suae
250 548 360 590 feeit.
423 547 515 590 Nec
557 550 765 589 cessatum
810 549 874 587 est
918 546 970 587 ab
1015 545 1092 586 his.
1156 544 1306 599 ltaque
1350 545 1461 586 fame
1491 555 1532 586 18

106 609 329 649 dumtaxat
378 608 617 649 vindicatus
668 606 879 647 exercitus
929 606 1100 646 tandem
1147 606 1192 646 in
1238 604 1462 646 Cedrosiae

106 669 212 709 fines
245 668 501 721 perducitur
554 664 756 707 Omnium
789 680 931 706 rerum
959 666 1049 706 solo
1075 665 1209 706 fertili
1234 664 1352 715 recrio
1380 666 1463 704 est:

54 745 87 770 ιο
108 729 150 768 in
184 742 267 781 qua
299 728 453 768 stativa
484 725 647 768 habuit
680 728 727 766 ut
759 727 932 766 vexatos
965 725 1123 764 milites
1157 708 1301 778 quiete
1325 724 1463 764 firma-

108 791 181 828 ret.
245 786 327 828 Hic
366 786 573 828 Leonnati
618 771 782 826 litteras
828 784 991 838 accepit
1035 784 1278 824 conflixisse
1324 783 1463 837 ipsum
1492 793 1533 823 19

108 861 203 887 cum
230 858 313 886 VIII
345 845 518 886 milibus
550 844 743 898 peditum
770 847 812 884 et
833 854 946 884 CCCC
974 843 1190 896 equitibus
1213 842 1464 883 Horitarum

107 919 310 960 prospero
363 907 526 946 eventu.
604 903 642 944 A
689 902 861 944 Cratero
915 917 1085 956 quoque
1125 903 1302 943 nuntius
1348 902 1464 942 venit

109 964 270 1006 Ozinen
302 968 343 1005 et
375 964 620 1018 Zariaspen,
666 962 822 1004 nobilis
856 962 1023 1015 Persas
1063 962 1344 1003 defectionem
1377 974 1464 1001 mo-

55 1024 257 1067 1511911168
303 1037 529 1089 oppressos
574 1037 598 1063 a
643 1037 686 1063 se
731 1022 774 1063 in
819 1021 1002 1063 vinculis
1047 1036 1148 1062 esse.
1210 1021 1462 1074 Praeposito
1491 1030 1535 1061 20

110 1084 242 1139 igitur
280 1083 444 1138 regioni
479 1081 668 1137 Sibyrtio
702 1106 760 1110 —
792 1096 975 1134 namque
1007 1080 1182 1135 Menon7
1224 1080 1463 1146 praefeetus

109 1143 215 1193 eius,
260 1158 396 1197 nuper
441 1142 661 1183 interierat
704 1140 854 1182 morbo
895 1166 948 1169 ——
988 1141 1034 1181 111
1067 1139 1336 1180 Carmaniam
1373 1139 1464 1193 ipse

108 1203 326 1257 processit.
389 1201 592 1255 Astaspes
626 1203 716 1242 erat
742 1203 931 1254 satrapes
964 1200 1116 1254 oentis,
1149 1202 1370 1253 suspectus
1398 1212 1463 1238 res
1492 1209 1534 1239 21

109 1276 265 1303 novare
297 1261 495 1315 voluisse,
528 1260 628 1301 dum
660 1261 705 1300 in
731 1258 853 1300 India
878 1274 951 1300 rex
980 1262 1059 1300 est:
1093 1273 1218 1312 quem
1246 1272 1464 1299 occurren-

56 1337 90 1363 20
108 1324 195 1362 tem
228 1321 496 1362 dissimulata
525 1322 587 1361 ira
614 1320 792 1361 comiter
818 1319 1053 1372 adlocutus,
1086 1319 1186 1359 dum
1213 1317 1466 1372 exploraret,

39 1382 89 1418 42
111 1395 218 1434 quae
251 1380 389 1421 delata
421 1383 553 1432 erant,
586 1380 631 1419 in
659 1378 805 1419 eodem
832 1379 994 1419 honore
1020 1378 1183 1418 habuit.
1236 1376 1342 1418 Cum
1369 1376 1466 1417 inde
1494 1387 1536 1417 22

110 1440 326 1494 praefecti⁷
359 1439 470 1480 sicut
502 1440 758 1492 imperatum
792 1440 892 1491 erat,
926 1452 1132 1491 equorum
1164 1438 1467 1478 iumentorum-

111 1513 185 1552 que
216 1499 423 1554 iugalium
450 1498 537 1539 vim
563 1499 780 1552 ingentem
808 1512 858 1538 ex
886 1497 1012 1550 omni7
1046 1511 1153 1550 quae
1183 1496 1260 1537 sub
1289 1496 1466 1550 imperio

112 1560 219 1612 erat,
264 1558 438 1612 regione
479 1558 712 1610 misissent,
757 1556 911 1610 quibus
951 1556 1124 1596 deerant
1165 1555 1468 1610 inpedimenta,

59 1633 91 1659 25
112 1617 310 1658 restituit.
361 1616 493 1658 Arma
526 1631 695 1670 quoque
729 1616 780 1656 ad
812 1616 1041 1669 pristinum
1070 1615 1227 1657 refecta
1254 1617 1354 1655 sunt
1381 1613 1466 1654 cul-
1497 1623 1539 1654 23

112 1679 221 1717 tum:
255 1676 412 1730 quippe
436 1676 550 1717 haud
576 1676 725 1730 procul
753 1691 774 1716 3
802 1674 971 1716 Perside
998 1674 1173 1715 aberant
1206 1689 1293 1716 non
1321 1676 1469 1728 pacata

212 1821 227 1849 1
257 1816 530 1862 desperatione]
555 1815 807 1860 disperatione
828 1819 863 1848 L.
940 1814 1095 1860 exitum]
1123 1815 1225 1848 exitu
1245 1818 1280 1848 P.
1357 1818 1376 1847 3
1405 1825 1468 1846 311-

114 1863 211 1909 xius]
239 1864 391 1897 anexius
417 1867 456 1897 V.
532 1863 634 1909 quia]
661 1874 734 1907 qua
754 1866 793 1897 V.
868 1867 889 1896 4
917 1862 964 1896 ad
996 1862 1301 1906 Phrataphernen
1329 1861 1468 1896 Aldus:

115 1910 348 1955 affrapernen
383 1914 422 1945 A.
557 1910 848 1954 Parthyaeorum
884 1911 1094 1955 Zumptius:
1137 1909 1406 1953 parthynorum
1441 1911 1470 1941 A

114 1958 389 2004 [parthinorum
414 1958 469 2003 Ἴ]
568 1959 743 2002 satrapen
771 1962 808 1991 C:
841 1959 1033 2001 satrapam
1059 1960 1117 1990 PL
1137 1969 1182 1991 m.
1198 1969 1257 2001 pr.
1358 1960 1377 1989 5
1405 1955 1470 1989 ad-

114 2006 203 2040 ferri
228 2009 269 2040 P:
299 2005 442 2039 adferre
468 2009 500 2038 C.
586 2005 753 2048 aliosque
779 2009 821 2038 P:
850 2004 942 2038 alios
970 2009 1001 2038 C*
1085 2008 1105 2038 8
1132 2004 1300 2049 tandem]
1327 2005 1404 2037 tam
1433 2007 1468 2036 P.

116 2057 136 2087 9
163 2053 240 2087 solo
266 2053 383 2087 fertili
406 2053 617 2087 Acidaliae:
646 2052 725 2087 sola
751 2052 884 2086 fertilis
905 2055 945 2086 A.
1021 2056 1063 2085 12
1092 2064 1177 2085 0000
1203 2055 1246 2085 P:
1275 2063 1338 2085 ccc
1365 2055 1397 2084 c.

116 2100 330 2134 Horitarum
351 2101 572 2135 Frobemus:
599 2100 804 2134 noritarum
824 2104 861 2142 P,
880 2099 1099 2133 moritarum
1120 2104 1151 2133 c.
1235 2103 1277 2132 13
1303 2098 1468 2143 Cratero]

118 2149 257 2182 cratere
283 2151 342 2181 ΕΙ.
362 2160 407 2182 m.
422 2159 482 2191 pr.
565 2147 734 2192 nuntius]
761 2147 919 2182 nuncius
944 2150 984 2180 V.
1068 2151 1110 2180 16
1137 2146 1282 2191 regioni
1307 2145 1470 2189 Sibyrtio

119 2194 406 2229 Freinshemius:
429 2195 590 2239 regionis
610 2194 748 2228 iburtio
769 2198 798 2228 A
820 2194 998 2239 [regionis
1018 2194 1160 2228 iburcio
1181 2193 1237 2239 Ἴ]
1320 2192 1470 2237 Menon]

118 2253 275 2276 moenon
302 2246 334 2275 C.
435 2245 477 2276 18
506 2242 683 2286 Astaspes
712 2242 894 2277 Fuhrius:
929 2241 1089 2286 aspastis
1115 2245 1154 2276 A.
1254 2242 1419 2284 satrapes
1447 2242 1472 2272 B

119 2301 163 2323 m.
184 2300 266 2323 sea:
288 2291 456 2333 satrapas
470 2293 509 2322 A.
585 2293 628 2323 22
650 2290 985 2333 iumentorumque
1006 2290 1146 2323 Lauer:
1169 2288 1417 2322 iumentorum
1433 2290 1471 2319 A.

120 2340 164 2370 24
192 2337 272 2369 erat
297 2337 436 2371 Lauer:
465 2339 569 2370 erant
597 2340 635 2370 A.
735 2340 777 2369 26
804 2336 920 2381 haud]
948 2336 1039 2369 haut
1065 2340 1134 2370 LP.
