1610 2522
61 479 83 500 ι)

97 554 111 578 6

79 791 112 815 10

80 1088 111 1112 15

81 1385 113 1410 20

62 480 109 514 ,5

378 130 712 165 HISTORIARUM
738 131 1021 165 ALEXANDRI
1048 130 1123 172 VII,
1152 136 1183 165 5.
1206 136 1237 164 ὕ.
1399 131 1482 170 227

131 241 321 282 sentibus
347 240 599 281 miraculum
620 255 860 295 magnoque
880 240 1034 282 honori
1061 238 1210 281 Catani
1230 239 1322 281 fuit.
1362 239 1486 281 Dona

132 300 280 341 deinde
319 299 533 352 omnibus,
584 301 656 354 qui
695 299 872 341 Bessum
915 300 1194 353 adduxerant,
1235 299 1331 340 data
1375 303 1485 341 sunt.

132 358 328 401 Ceterum
362 360 618 414 supplicium
658 359 747 400 eius
781 359 967 412 distulit,
1008 362 1056 400 ut
1088 374 1136 399 eo
1169 360 1282 412 loco,
1326 359 1367 399 in
1401 373 1484 412 quo

132 419 317 460 Dareum
352 419 575 471 occiderat,
609 419 697 472 ipse
730 422 961 460 necaretur.

1512 251 1532 280 4
1537 251 1554 279 3

220 477 385 519 Interea
422 478 676 520 Macedones
717 478 770 518 ad
816 478 1044 532 petendum
1094 478 1299 532 pabulum
1344 479 1486 518 incon·
1510 481 1554 514 Vl

132 538 272 593 posito
318 538 486 591 agmine
531 538 691 592 egressi
730 553 753 578 a
799 537 1007 592 barbaris,
1063 539 1135 592 qui
1181 538 1230 579 de
1280 539 1486 592 proximis

134 597 350 638 montibus
396 597 689 647 decurrerunt,
740 599 1040 652 opprimuntur
1090 597 1318 651 pluresque
1375 597 1487 651 capti

133 660 232 698 sunt
276 671 401 710 quain
448 656 595 699 occisi:
651 656 818 698 barbari
870 660 1011 698 autem
1062 658 1253 711 captivos
1298 672 1399 711 prae
1444 671 1487 697 se

132 720 304 770 agentes
347 731 494 757 rursus
534 717 576 757 in
614 719 803 757 montem
846 719 1122 758 recesserunt.
1185 728 1246 758 xx
1281 716 1400 757 milia
1432 716 1486 757 la-

132 779 302 817 tronum
355 779 496 817 erant:
547 775 689 816 fundis
741 776 993 830 sagittisque
1037 790 1225 830 pugnam
1271 775 1487 817 invadunt.

133 835 247 884 Quos
281 835 380 876 dum
419 835 586 877 obsidet
618 850 709 889 reX,
747 835 859 876 inter
891 836 1238 890 promptissimos
1282 835 1487 876 dimicans
1515 848 1533 875 3

133 895 289 950 sagitta
321 896 430 936 ictus
465 898 544 943 est,
584 909 690 948 quae
724 895 766 935 in
808 895 948 936 medio
982 909 1102 937 crure
1141 895 1225 935 fixa
1258 894 1489 949 reliquerat

132 954 354 1008 spiculum.
416 954 544 995 Illum
578 954 746 1008 quidem
779 956 929 995 maesti
963 957 1004 996 et
1037 954 1210 995 attoniti
1237 954 1488 995 Macedones

133 1014 177 1055 in
210 1016 347 1054 castra
379 1013 628 1068 referebant,
667 1013 739 1054 sed
772 1029 849 1055 nec
882 1014 1085 1055 barbaros
1118 1014 1273 1055 fefellit
1306 1013 1487 1055 subduc-

132 1077 200 1114 tus
234 1088 285 1114 ex
317 1074 404 1114 acie
440 1098 492 1102 —-
528 1074 685 1127 quippe
718 1088 769 1114 ex
809 1074 922 1115 edito
957 1077 1098 1115 monte
1134 1076 1284 1115 cuncta
1317 1088 1488 1127 prospe-

133 1135 281 1173 xerant
303 1150 376 1174 —:
409 1134 552 1186 itaque
579 1137 750 1187 poste-ro
779 1133 844 1173 die
872 1134 1024 1174 misere
1057 1133 1220 1189 legatos
1248 1133 1299 1173 ad
1332 1147 1487 1188 regem.
1516 1145 1530 1172 ἵ

134 1191 249 1241 Quos
282 1192 353 1233 ille
386 1193 581 1246 protinus
611 1193 735 1234 iussit
767 1193 935 1234 admitti
970 1193 1206 1246 solutisque
1234 1193 1375 1233 fasciis
1404 1208 1487 1233 mar

133 1252 401 1307 gnitudinem
428 1251 615 1293 vulneris
643 1251 916 1293 dissimulans
944 1267 1039 1294 crus
1068 1252 1256 1293 barbaris
1291 1252 1487 1293 ostendit.

132 1310 201 1352 mi
246 1311 350 1352 iussi
396 1311 613 1352 considere
658 1311 884 1352 adfirmant
927 1327 1012 1352 non
1058 1311 1310 1353 Macedonas
1361 1327 1487 1365 quam

133 1370 250 1425 ipsos
281 1371 492 1412 tristiores
525 1371 654 1412 fuisse
689 1371 860 1427 cognito
894 1373 1067 1412 vulnere
1100 1372 1254 1425 ipsius:
1299 1372 1418 1412 cuius
1453 1371 1487 1411 si

134 1432 350 1471 auctorem
382 1431 681 1484 repperissent,
714 1430 931 1472 dedituros
963 1431 1116 1472 fuisse:
1150 1445 1245 1472 cum
1279 1431 1342 1471 dis
1376 1431 1487 1471 enini

135 1504 325 1544 pugnare
377 1490 604 1544 sacrilegos
643 1492 822 1531 tantum.
899 1489 1094 1531 Ceterum
1141 1505 1184 1531 se
1229 1493 1398 1545 gentem
1444 1490 1489 1531 in

134 1548 261 1590 fidem
300 1549 449 1589 dedere
491 1552 710 1603 superatos
744 1551 917 1591 vulnere
959 1550 1087 1591 illius.
1150 1549 1242 1590 Rex
1274 1549 1356 1590 fide
1390 1549 1487 1590 (lata

136 1612 177 1648 et
222 1608 400 1661 captivis
450 1610 631 1663 receptis
683 1611 852 1663 gentem
904 1609 949 1649 in
996 1609 1254 1650 deditionem
1315 1609 1488 1663 accepit.

82 1683 109 1707 ε’
136 1667 296 1709 Castris
336 1667 431 1709 inde
473 1669 601 1709 motis
642 1669 793 1709 lectica
834 1668 1011 1710 militari
1051 1668 1279 1710 ferebatur.
1353 1667 1489 1717 Quam

134 1742 209 1781 pro
243 1741 286 1767 se
319 1728 499 1781 quisque
532 1742 658 1781 eques
692 1728 902 1782 pedesque
931 1728 1072 1769 subire
1105 1728 1342 1770 certabant:
1375 1729 1489 1782 equi-

134 1790 209 1840 tes,
242 1801 337 1828 cum
371 1786 524 1840 quibus
552 1802 625 1828 rex
657 1788 818 1841 proelia
844 1788 950 1829 inire
983 1788 1135 1829 solitus
1169 1790 1270 1840 erat,
1304 1789 1367 1828 sui
1400 1802 1490 1828 mu-

134 1845 246 1887 neris
285 1846 328 1886 id
361 1860 452 1887 esse
485 1847 730 1899 censebant,
772 1847 936 1901 pedites
978 1849 1144 1900 contra,
1186 1862 1282 1888 cum
1324 1848 1489 1888 saucios

135 1906 448 1946 commilitones
483 1906 562 1959 ipsi
595 1909 760 1961 gestare
793 1906 1097 1957 adsuevissent‚
1140 1907 1247 1961 eripi
1280 1906 1362 1947 sibi
1393 1921 1489 1960 pro-

232 2016 248 2044 1
278 2010 408 2045 Catani
429 2012 629 2046 Kinehizcs:
654 2011 775 2045 cateni
797 2015 836 2045 A.
912 2016 930 2044 3
960 2011 1199 2057 supplicium]
1222 2011 1347 2055 suppli
1370 2023 1430 2044 nm
1450 2015 1488 2045 P.

136 2062 156 2091 4
183 2058 379 2100 occiderat,
407 2059 486 2102 ipse
512 2060 656 2102 scripsi:
684 2059 763 2102 ipse
785 2059 971 2093 occiderat
992 2063 1030 2094 A.
1114 2060 1324 2104 necaretur]
1345 2061 1489 2092 neta-re-

136 2107 195 2138 tur
208 2110 244 2139 P.
318 2110 360 2140 10
376 2106 614 2151 sagittisque]
631 2106 838 2151 sagitisque
853 2110 920 2140 LP.
992 2111 1032 2140 11
1049 2106 1362 2152 promptissimos]
1380 2118 1489 2150 prop-

135 2153 298 2187 tissimos
324 2157 386 2186 FV
406 2166 450 2188 m.
471 2166 524 2197 pr.
622 2157 662 2187 17
690 2153 834 2199 fasciis]
861 2153 968 2187 faciis
995 2158 1056 2186 PV
1079 2166 1120 2188 m.
1137 2166 1195 2198 pr.
1298 2157 1338 2187 19
1367 2153 1489 2187 Mace-

137 2200 252 2234 donas
278 2204 319 2234 P:
346 2201 565 2235 macedones
595 2205 625 2234 Ο.
734 2201 849 2246 ipsos]
877 2202 958 2245 ipso
985 2206 1020 2235 P.
1133 2206 1173 2235 21
1204 2201 1260 2235 dis
1286 2205 1327 2235 P:
1357 2201 1427 2234 diis
1455 2206 1487 2235 c.

138 2251 179 2280 23
207 2247 373 2293 vulnere]
394 2248 542 2282 uelnere
563 2252 599 2282 B.
676 2248 776 2282 illius
798 2253 836 2282 C:
864 2248 921 2282 illi
941 2253 976 2281 P.
1054 2253 1096 2282 24
1118 2249 1362 2293 deditionem]
1386 2249 1489 2283 dedi-

138 2295 283 2329 catione
309 2299 344 2328 P.
421 2299 463 2329 ‘25
492 2296 694 2341 ferebatur]
721 2295 926 2330 iserebatur
945 2300 980 2329 P.
1057 2300 1099 2329 28
1128 2296 1344 2341 censebant]
1373 2307 1488 2330 cesse-

137 2341 228 2375 bant
254 2346 278 2374 L
298 2354 342 2376 m.
358 2355 417 2387 pr.
439 2347 467 2375 V
489 2356 530 2377 m.
547 2356 606 2387 pr.
683 2345 827 2384 contra,
855 2344 954 2388 cum]
982 2346 1213 2378 contractum
1240 2347 1275 2378 P.
1346 2347 1388 2376 29
1416 2343 1489 2387 ipsi

137 2390 358 2424 Frobem'us:
387 2390 466 2434 ipse
486 2394 524 2424 A.
607 2391 863 2424 adsuevissent
890 2391 1111 2426 Fralwnius:
1140 2391 1374 2424 adsuenisset
1401 2394 1429 2423 A

1205 2450 1272 2483 15*

1516 1325 1534 1351 (i
