1610 2522
73 318 114 348 11.)

142 76 196 117 34
647 82 686 121 Q.
715 79 856 114 cmm
888 80 994 114 nuri

143 188 366 232 crederem
399 203 525 242 quam
550 188 663 230 visus
686 192 748 230 est
769 204 871 234 esse
898 204 991 230 cum
1021 189 1160 231 Liberi
1192 190 1330 231 Patris
1358 192 1493 232 imita-

143 251 260 288 retur
298 248 561 301 triumphum
603 263 736 302 usque
776 249 827 290 ab
871 248 1149 303 Hellesponto
1191 250 1242 291 ad
1277 251 1490 292 Oceanum

144 321 287 348 omnes
320 310 468 363 gentes
509 308 686 349 victoria
718 323 922 349 emensus
988 308 1057 350 Sic
1098 309 1268 350 vicisset
1301 310 1492 363 profecto

142 366 381 420 superbiam
425 370 550 420 atque
597 367 714 419 iram,
759 367 869 408 mala
902 368 1071 422 invicta,
1116 369 1176 410 sic
1216 368 1494 410 abstinuisset

143 427 253 467 inter
279 427 426 479 epulas
453 427 651 468 caedibus
679 429 910 468 amicorum
933 428 1212 483 egregiosque
1241 427 1351 469 bello
1381 429 1492 469 viros

141 489 182 526 et
216 488 280 526 tot
312 486 503 539 gentium
544 500 684 527 secum
718 486 949 527 domitores
988 487 1146 528 indicta
1179 502 1303 529 causa
1337 488 1494 529 veritus

142 548 251 585 esset
296 545 496 586 occidere.
574 545 654 587 Sed
698 546 883 587 nondun]
928 547 1099 588 fortuna
1141 562 1183 588 se
1222 549 1362 588 animo
1404 547 1494 589 eius

142 604 453 658 superfuderat:
495 605 569 659 ita,
603 607 675 659 qui
708 606 914 647 orientem
949 610 1033 647 tam
1069 606 1284 648 moderate
1318 609 1360 648 et
1391 622 1490 662 pru-

141 664 288 705 denter
321 663 431 711 tulit,
463 665 516 706 ad
543 665 738 706 ultimum
768 665 1106 721 magnitudinem
1134 667 1223 707 eius
1257 681 1341 707 non
1369 667 1491 721 cepit.

140 723 258 764 Tunc
292 724 461 777 quidem
497 726 555 765 ita
587 739 630 766 se
664 725 808 781 gessit,
849 728 894 765 ut
928 740 1073 766 omnes
1112 729 1209 767 ante
1242 741 1338 766 eum
1371 740 1492 780 reges
1516 745 1547 769 ιο

140 787 182 824 et
214 784 477 825 continentia
509 788 550 825 et
583 784 806 826 clementia
838 785 1123 826 vincerentur:
1166 786 1351 841 virgines
1384 786 1491 841 regi-

139 858 215 884 nas
261 843 507 885 excellentis
552 844 713 885 formae
759 848 845 885 tam
891 848 1034 886 sancte
1078 845 1241 898 habuit,
1286 859 1413 899 quam
1457 845 1491 886 si

1532 421 1547 447 5

69 917 99 927 ⁴·
141 903 286 943 eodem
304 918 386 956 quo
404 904 494 958 ipse
510 907 684 958 parente
700 904 867 959 genitae
889 906 1040 958 forent,
1062 906 1285 959 coniugem
1303 904 1494 946 eandem-

139 977 214 1015 que
238 976 428 1017 sororem,
456 978 581 1017 quam
610 963 727 1005 nulla
754 965 904 1005 aetatis
936 979 1034 1006 suae
1062 963 1379 1018 pulchritudine
1406 979 1492 1005 cor-

140 1024 255 1077 poris
298 1023 416 1076 vicit,
459 1023 562 1064 adeo
609 1024 699 1077 ipse
740 1038 824 1064 non
859 1023 1054 1076 violavit,
1096 1028 1143 1065 ut
1177 1039 1383 1065 summam
1423 1023 1490 1065 ad-
1514 1041 1545 1066 15

140 1082 328 1123 hibuerit
374 1098 536 1135 curam,
593 1098 643 1124 ne
689 1085 785 1137 quis
831 1084 999 1137 captivo
1053 1084 1220 1137 corpori
1270 1084 1491 1125 inluderet.

140 1142 317 1183 Omnem
347 1141 508 1184 cultum
537 1142 654 1183 reddi
687 1143 857 1184 feminis
891 1143 1028 1188 iussit,
1066 1158 1140 1184 nec
1176 1144 1401 1197 quicquam
1443 1158 1491 1184 ex

138 1203 345 1256 pristinae
366 1203 561 1243 fortunae
580 1203 897 1257 magnificentia
917 1203 1096 1256 captivis
1114 1205 1281 1256 praeter
1292 1202 1490 1244 fiduciam

139 1261 284 1303 defuit.
348 1261 497 1315 Itaque
531 1262 799 1315 Sisigambis:
835 1261 970 1311 ‘Re-11³,
1010 1263 1166 1316 inquit,
1201 1262 1406 1313 ‘merei-is,
1446 1265 1493 1303 ut

140 1336 188 1362 ea
214 1336 436 1375 precemur
462 1321 553 1374 tibi,
581 1336 687 1376 quae
714 1321 854 1363 Dareo
881 1325 1027 1362 nostro
1056 1321 1267 1375 quondam
1297 1326 1491 1376 precatae
1512 1339 1546 1363 «ιο

140 1396 304 1434 summ,
336 1395 412 1422 nec
446 1385 593 1422 nostro
627 1381 725 1422 odio
760 1382 914 1436 dignus
948 1397 1008 1435 eS‚
1041 1383 1114 1435 qui
1147 1385 1311 1422 tantum
1348 1396 1489 1436 regem

139 1455 224 1481 non
257 1440 461 1481 felicitate
495 1441 650 1494 solum,
690 1441 762 1482 sed
801 1441 928 1482 etiam
968 1440 1182 1495 aequitate
1214 1441 1489 1495 superaveris.

139 1499 203 1541 Tu
236 1501 405 1554 quidem
434 1504 612 1542 matrem
646 1516 710 1541 me
744 1504 786 1541 et
812 1500 1003 1556 reginam
1039 1515 1174 1551 vocas,
1207 1500 1277 1541 sed
1311 1514 1390 1556 ego
1423 1515 1489 1541 me

140 1564 255 1600 tuam
290 1559 492 1601 famulam
526 1575 616 1602 esse
643 1561 861 1601 confiteor.
927 1559 981 1600 Et
1008 1561 1260 1614 praeteritae
1295 1560 1489 1601 fortunae

138 1619 357 1673 fastigium
392 1620 512 1674 capio
546 1622 587 1660 et
620 1620 856 1674 praesentis
889 1620 1035 1675 iugum
1070 1620 1157 1674 pati
1192 1634 1383 1674 possum:
1416 1623 1488 1660 tua
1509 1637 1542 1662 2⁵

139 1679 326 1732 interest,
353 1682 557 1733 quantum
588 1679 629 1720 in
657 1694 734 1720 nos
762 1679 943 1732 licuerit,
971 1680 1003 1720 si
1032 1679 1073 1720 id
1101 1680 1244 1733 potius
1266 1679 1488 1720 clementia

139 1753 264 1793 quam
293 1739 469 1780 saevitia
496 1739 559 1779 vis
586 1753 677 1780 esse
704 1739 934 1780 testatum'.
998 1738 1089 1780 Rex
1112 1738 1269 1780 bonum
1297 1739 1485 1779 animum

137 1797 292 1839 habere
331 1799 389 1840 eis
428 1798 554 1839 iussis
594 1798 718 1839 Darei
760 1798 895 1839 filium
930 1798 1039 1840 collo
1079 1813 1156 1840 suo
1190 1798 1390 1852 admovit,
1427 1802 1487 1838 at-

138 1873 218 1911 que
251 1857 360 1899 nihil
392 1857 464 1899 ille
492 1862 723 1913 conspectu
756 1862 844 1899 tum
874 1858 1057 1912 primum
1091 1874 1114 1899 a
1147 1872 1190 1898 se
1217 1857 1296 1899 visi
1325 1861 1487 1898 conter-

136 1918 244 1958 ritus
278 1918 482 1959 cervicem
515 1917 604 1959 eius
637 1917 831 1959 manibus
865 1918 1145 1972 amplectitur.
1210 1916 1351 1957 Motus
1384 1931 1485 1971 ergo
1507 1935 1540 1960 so

234 2064 252 2092 2
281 2059 343 2104 ab}
371 2059 417 2092 ad
445 2063 469 2092 P
498 2071 540 2092 m.
558 2071 614 2102 pr.
715 2062 733 2091 3
762 2058 820 2092 Sic
848 2059 1016 2100 ,s'clwsj'erz
1045 2058 1074 2090 si
1102 2061 1140 2092 A.
1239 2057 1402 2102 vicisset]
1431 2057 1485 2091 bi-

138 2105 247 2140 cisset
262 2109 300 2139 V.
382 2110 402 2139 4
430 2106 544 2151 mala]
566 2105 711 2140 macula
727 2110 751 2138 L
775 2118 874 2149 mla·
960 2106 1010 2139 sic
1032 2105 1198 2147 Schema:
1222 2105 1251 2138 si
1266 2108 1304 2139 A.
1380 2112 1399 2136 ⁸
1421 2105 1486 2146 ita,

137 2153 199 2196 qui
223 2154 426 2188 Bmaetmns:
456 2154 583 2197 itaque
603 2157 642 2187 A.
727 2160 745 2185 ἱ·
774 2153 889 2198 cepit]
912 2153 1034 2196 eoepit
1054 2156 1089 2186 P.
1175 2157 1216 2186 13
1244 2152 1487 2196 eandemque

135 2213 322 2236 sororem
351 2203 495 2245 scripsi:
524 2201 689 2235 eiusdem
717 2204 753 2234 A.
867 2205 907 2235 17
937 2200 1106 2245 Omnem]
1133 2211 1239 2234 omne
1260 2203 1298 2233 V.
1405 2201 1486 2245 nec]

138 2261 180 2281 ne
202 2252 240 2281 V.
320 2255 359 2281 1¹.)
382 2249 616 2294 Sisigambis]
639 2248 860 2292 sisaaamhis
879 2253 912 2288 P,
934 2248 1133 2281 sisiiambis
1149 2251 1183 2281 F.
1266 2252 1310 2281 :2⁰
1331 2248 1389 2293 ea]
1405 2258 1485 2282 eam

136 2299 162 2329 B
184 2309 224 2330 m
241 2308 294 2340 1¹1·
380 2301 421 2330 21
451 2308 517 2330 uec
543 2299 667 2330 nostro
695 2296 779 2329 (ulio
805 2297 949 2341 scripsi:
978 2298 1014 2330 et
1042 2298 1082 2329 nt
1107 2295 1213 2328 video
1240 2299 1277 2328 A.
1363 2298 1406 2328 *28
1433 2295 1486 2330 eis

138 2344 246 2377 iussi
273 2345 417 2387 scripx'w
447 2355 507 2378 eas
536 2344 641 2377 iussit
669 2348 707 2377 A
808 2350 850 2378 22⁹
878 2343 1114 2388 mntem-itus]
1142 2343 1343 2376 conteritus
1370 2346 1405 2376 Ρ.
