1610 2522
390 101 724 136 HISTORIARUM
751 102 1033 136 ALEXANDRI
1060 102 1103 143 Y,
1132 107 1160 136 6.
1186 107 1215 136 ῖ.
1398 104 1475 144 131

124 212 235 252 mani
271 213 411 253 cultus
433 210 614 266 vestigio
650 211 821 252 attoniti
856 211 1134 252 intuebantur
1166 216 1219 265 et,
1252 215 1478 267 antequam

121 273 191 312 lux
229 285 399 325 quoque
426 274 467 311 et
500 272 662 312 caelum
684 271 798 325 ipsos
826 271 1064 325 deficerent,
1090 272 1244 313 reverti
1265 272 1479 313 iubebant.

126 330 210 371 Rex
254 331 461 385 castigare
499 331 672 371 territos
710 330 965 384 supersedit,
1016 333 1202 371 ceterum
1242 331 1332 384 ipse
1371 346 1480 385 equo
1510 343 1553 372 14

121 390 293 431 desiluit
333 390 547 444 pedesque
579 405 655 444 per
696 390 813 431 nives
853 392 894 431 et
933 393 1173 431 concretam
1206 390 1385 445 glaciem
1420 392 1479 432 in-

86 450 238 503 5gredi
280 450 430 503 coepit.
499 449 776 490 Erubuerunt
820 463 905 490 non
951 449 1071 503 sequi
1109 449 1297 504 primum
1343 450 1480 504 amici,

122 509 271 550 deinde
304 509 521 563 copiarum
556 509 705 562 duces,
743 509 794 549 ad
827 509 1027 549 ultimum
1061 509 1230 550 milites.
1294 509 1480 551 Primus-

122 584 203 622 que
246 582 317 609 rex
351 568 537 609 dolabra
580 569 760 623 glaciem
806 568 1075 623 perfringens
1120 569 1202 609 iter
1247 568 1327 609 sibi
1360 569 1480 610 fecit:

120 628 360 682 exemplum
392 628 505 683 regis
538 629 667 669 ceteri
700 627 855 668 imitati
889 637 998 668 sunt.
1044 627 1231 669 Tandem
1258 643 1478 682 propemo-
1511 640 1551 669 15

122 687 221 729 dum
255 687 390 728 invias
432 688 558 728 silvas
592 687 751 728 emensi
790 687 965 727 humani
1000 688 1140 728 cultus
1174 701 1267 727 rara
1300 688 1476 743 vestigia

70 764 101 786 ιο
121 751 163 788 et
206 748 366 801 passim
405 750 593 788 errantes
630 760 831 801 pecorum
871 761 1022 801 greges
1062 761 1301 801 repperere:
1347 750 1388 787 et
1420 749 1480 788 in-

122 807 250 861 colae,
284 807 357 860 qui
390 807 548 861 sparsis
582 806 767 861 tuguriis
794 806 1060 859 habitabant,
1094 820 1189 847 cum
1223 820 1268 847 se
1301 807 1479 848 callibus

121 866 247 907 inviis
281 869 449 919 saeptos
482 880 572 906 esse
606 865 894 917 credidissent,
920 867 968 906 ut
1001 880 1257 920 conspexere
1289 865 1479 908 hostium

121 940 287 981 agmen,
320 926 566 979 interfectis,
600 925 673 978 qui
701 925 897 967 comitari
919 925 1132 980 fugientes
1159 940 1245 966 non
1266 928 1479 980 poterant,

123 985 268 1027 devios
301 988 469 1025 montes
502 987 543 1026 et
575 984 746 1025 nivibus
779 984 942 1025 obsitos
962 984 1218 1039 petiverunt.
1269 983 1373 1026 Inde
1405 1000 1481 1040 per
1507 995 1551 1026 16

71 1058 101 1082 15
123 1045 335 1098 colloquia
370 1045 635 1099 captivorum
675 1045 881 1099 paulatim
922 1044 1092 1085 feritate
1124 1043 1322 1099 mitigata
1354 1045 1480 1085 tradi-

124 1104 220 1145 dere
255 1118 297 1145 se
329 1104 431 1159 regi.
494 1102 583 1144 Nec
616 1104 661 1144 in
694 1103 858 1144 deditos
892 1103 1064 1158 gravius
1099 1104 1354 1144 consultum.

209 1162 400 1204 Vastatis
416 1163 511 1203 inde
527 1163 639 1217 agris
648 1162 833 1204 Persidis
846 1163 1034 1216 vicisque
1050 1163 1326 1216 conpluribus
1338 1164 1480 1204 redac-
1508 1173 1550 1205 17

121 1223 176 1264 tis
204 1224 246 1263 in
272 1226 529 1276 potestatem
558 1226 728 1264 ventum
754 1225 818 1263 est
839 1222 881 1263 in
903 1222 1149 1263 Mardorum
1171 1225 1341 1277 gentem
1361 1222 1481 1264 belli-

123 1296 263 1323 cosam
297 1285 339 1323 et
365 1283 549 1323 multum
577 1297 599 1323 a
627 1282 777 1323 ceteris
804 1281 943 1323 Persis
973 1282 1089 1323 cultu
1115 1282 1227 1323 vitae
1253 1281 1481 1324 abhorren-

69 1354 101 1378 20
121 1345 219 1384 tem.
283 1340 444 1396 Specus
485 1342 528 1382 in
567 1341 786 1382 montibus
825 1341 1012 1393 fodiunt,
1058 1341 1100 1381 in
1134 1355 1240 1395 quos
1274 1356 1402 1395 seque
1434 1356 1481 1383 ac

123 1401 324 1456 coniuges
352 1405 394 1442 et
419 1400 578 1442 liberos
607 1401 808 1454 condunt,
833 1415 1034 1454 pecorum
1057 1404 1127 1440 aut
1149 1401 1334 1441 ferarum
1356 1415 1479 1442 carne

121 1464 361 1501 vescuntur.
444 1459 511 1501 Ne
555 1460 724 1501 feminis
771 1459 938 1513 quidem
986 1474 1063 1514 pro
1110 1464 1284 1501 naturae
1329 1459 1478 1501 habitu
1508 1470 1550 1500 18

122 1520 317 1560 molliora
349 1519 521 1575 ingenia
553 1522 669 1560 sunt:
703 1533 848 1560 comae
880 1519 1125 1573 prominent
1156 1518 1305 1573 hirtae,
1348 1520 1480 1561 vestis

122 1593 249 1633 super
281 1593 417 1634 genua
448 1582 522 1629 est,
555 1579 687 1620 funda
721 1578 915 1619 vinciunt
947 1579 1151 1619 frontem:
1184 1578 1266 1620 hoc
1292 1581 1334 1619 et
1361 1594 1481 1620 orna-

69 1650 101 1674 25
124 1641 313 1679 mentum
353 1639 505 1692 capitis
547 1642 589 1680 et
620 1638 753 1680 telum
786 1641 860 1679 est.
925 1636 1006 1679 Sed
1038 1637 1146 1678 hanc
1180 1652 1350 1692 quoque
1382 1653 1479 1693 gen·
1509 1649 1550 1680 19

122 1708 208 1738 tem
247 1698 358 1739 idem
390 1698 588 1739 fortunae
620 1698 805 1751 impetus
839 1697 1015 1738 domuit.
1078 1696 1231 1750 Itaque
1263 1698 1479 1740 tricesimo

123 1757 200 1810 die,
232 1760 462 1811 postquam
496 1773 518 1797 a
544 1756 763 1811 Persepoli
794 1756 1012 1811 profectus
1046 1759 1147 1809 erat,
1179 1757 1325 1798 eodem
1359 1757 1479 1798 redit.

122 1816 247 1857 Dona
287 1817 438 1857 deinde
483 1816 630 1858 amicis
673 1817 908 1870 ceterisque
952 1830 1030 1869 pro
1077 1816 1284 1869 cuiusque
1325 1817 1478 1858 merito
1506 1826 1550 1857 20

122 1875 248 1916 dedit.
312 1876 627 1930 Propemodum
662 1877 821 1929 omnia,
867 1890 974 1929 quae
1006 1876 1050 1915 in
1083 1890 1131 1916 ea
1163 1876 1266 1916 urbe
1299 1879 1480 1930 ceperat,

70 1945 104 1970 3⁰
123 1935 362 1976 distributa.

51 1990 100 2026 22
213 1993 409 2035 Ceterum
441 1995 634 2049 ingentia
666 1994 797 2035 animi
830 1994 959 2047 bona,
1001 1994 1119 2035 illam
1151 1993 1357 2048 indolem,
1397 2008 1480 2048 qua
1500 1997 1569 2032 VII

124 2067 271 2094 omnes
308 2068 428 2109 reges
467 2055 711 2107 antecessit,
755 2054 873 2094 illam
919 2053 962 2093 in
1004 2053 1235 2094 subeundis
1279 2052 1480 2107 periculis

220 2221 238 2250 2
266 2218 461 2263 iubebant]
482 2217 663 2262 iugebant
675 2221 715 2251 V.
791 2221 811 2250 4
838 2217 1015 2263 glaciem]
1036 2216 1193 2262 glatiem
1210 2221 1245 2250 L.
1324 2221 1366 2250 14
1386 2216 1479 2250 nivi—

125 2263 210 2309 bus]
230 2265 391 2299 nubibus
411 2269 483 2298 Pv.
590 2269 631 2298 17
660 2264 842 2310 Vastatis]
863 2263 1056 2299 uastitatis
1075 2267 1101 2297 P
1120 2276 1164 2298 m.
1180 2276 1238 2309 pr.
1351 2268 1394 2298 22
1415 2276 1480 2298 na-

124 2312 246 2358 turae]
271 2315 427 2346 nuturae
448 2316 473 2345 P
496 2324 538 2346 m.
554 2324 612 2356 pr.
712 2315 756 2346 23
783 2311 904 2345 hirtae
930 2315 963 2345 1:
990 2312 1122 2355 hyrtae
1143 2314 1182 2345 A.
1282 2315 1325 2345 27
1352 2311 1480 2346 Perse-

123 2358 201 2402 poli
227 2362 260 2392 1:
288 2359 466 2404 persipoli
492 2362 531 2393 A.
631 2363 674 2393 29
703 2361 853 2403 ceperat
878 2363 910 2393 1:
939 2360 1111 2403 coeperat
1137 2362 1176 2393 A.

1217 2418 1262 2450 9*
