1610 2522
375 95 709 131 HISTORIARUM
735 95 1017 130 ALEXANDRI
1044 97 1120 140 VH,
1148 102 1179 130 2.
1368 97 1453 138 209

102 205 288 247 laetitiae
327 205 509 259 speciem
550 205 830 260 praeferente,
875 206 928 246 ad
965 206 1317 261 conplectendum
1357 221 1452 247 eum

101 265 288 307 cucurrit
320 267 550 318 mutuaque
584 264 839 306 salutatione
870 265 984 307 facta
1011 264 1265 319 Polydamas
1298 265 1455 319 epistu—

101 325 186 365 lam
220 339 243 365 a
275 338 371 380 rege
405 326 607 379 scriptam
641 325 678 365 ei
710 324 896 365 tradidit.
948 325 1204 366 Parmenion
1237 325 1453 366 vinculum
1481 341 1489 350 ·
1509 336 1520 342 ·

101 384 310 438 epistulae
343 385 522 436 solvens,
556 384 757 438 quidnam
784 398 857 425 rex
885 387 1040 439 ageret,
1072 384 1326 438 requirebat.
1378 383 1454 426 Ille

66 458 153 486 sex
194 443 298 497 ipsis
343 443 496 484 litteris
541 444 812 498 cogniturum
858 458 947 485 esse
992 443 1222 497 respondit.
1292 442 1455 492 Quibus
1483 462 1500 484 L

101 502 355 543 Parmenion
382 503 520 544 lectis:
556 502 689 557 ‘Rex',
723 503 874 557 inquit,
906 503 1235 558 ‘expeditionem
1264 506 1386 557 parat
1412 503 1455 543 in

100 561 368 603 Arachosios.
434 561 661 603 Strenuum
700 562 917 603 hominem
956 565 998 604 et
1030 577 1263 616 numquam
1296 577 1456 603 cessan-

99 622 203 662 tem!
256 620 336 662 Sed
376 623 543 675 tempus
583 622 710 662 saluti
750 636 848 662 suae
887 624 1006 662 tanta
1047 623 1130 663 iam
1164 624 1288 676 parta
1319 621 1457 677 gloria

100 680 299 735 parcere’.
363 679 555 721 Alteram
588 680 738 722 deinde
783 681 1011 735 epistulam
1044 681 1240 722 Philotae
1284 681 1455 723 nomine
1484 694 1492 707 ²

49 757 82 781 ιο
101 740 303 794 scriptam
336 740 486 793 laetus,
519 740 630 794 quod
664 754 714 780 ex
745 740 862 781 vultu
892 741 1032 782 notari
1059 743 1238 795 poterat,
1270 740 1455 796 legebat:

101 801 193 840 tum
226 799 315 841 eius
348 799 459 840 latus
492 800 635 854 gladio
669 800 814 841 haurit
834 799 1050 853 Cleander,
1084 800 1233 841 deinde
1260 800 1454 856 iugulum

57 858 217 912 9ferit,
263 859 391 900 ceteri
436 859 678 899 exanimum
718 874 887 913 quoque
921 860 1181 901 confodiunt.
1245 860 1301 900 Et
1334 860 1458 900 armi-

100 918 209 973 geri,
255 919 328 972 qui
361 919 419 959 ad
440 919 630 971 primmn
663 918 827 959 aditum
860 919 1047 960 nemoris
1080 919 1350 973 adstiterant,
1392 934 1458 960 co-

101 978 221 1031 gnita
261 977 402 1031 caede,
447 978 566 1018 cuius
607 992 732 1019 causa
769 978 1066 1033 ignorabatur,
1110 980 1155 1019 in
1192 981 1330 1020 castra
1367 994 1457 1033 per-

49 1054 80 1078 15
102 1037 278 1078 veniunt
322 1039 365 1078 et
406 1036 671 1078 tumultuoso
709 1038 860 1078 nuntio
900 1038 1058 1079 milites
1098 1039 1326 1079 concitant.
1388 1037 1456 1079 Illi

101 1096 253 1137 armati
280 1095 332 1136 ad
357 1111 519 1149 nemUS,
551 1097 594 1137 in
622 1111 706 1150 quo
728 1100 971 1152 perpetrata
997 1097 1144 1139 caedes
1171 1100 1271 1151 erat,
1302 1100 1456 1139 coeunt

102 1158 160 1209 et,
205 1156 248 1196 ni
280 1154 535 1209 Polydamas
581 1156 795 1210 ceterique
834 1157 1021 1198 eiusdem
1058 1171 1192 1198 noxae
1225 1157 1456 1211 participes

101 1214 325 1267 dedantur,
370 1230 539 1257 murum
583 1216 889 1257 circumdatum
934 1217 1099 1258 nemori
1138 1231 1358 1257 eversuros
1392 1216 1458 1258 de-

101 1275 301 1315 nuntiant
333 1275 612 1328 omniumque
644 1275 850 1331 sanguine
883 1275 979 1317 duci
1004 1279 1316 1330 parentaturos.
1369 1274 1458 1316 Cle-

48 1351 83 1376 20
103 1334 232 1375 ander
258 1334 464 1387 primores
491 1348 639 1375 eorum
666 1334 897 1376 intromitti
922 1335 1041 1376 iubet
1067 1336 1316 1389 litterasque
1346 1335 1457 1390 regis

104 1394 283 1447 scriptas
317 1392 369 1434 ad
396 1393 552 1434 milites
580 1394 743 1447 recitat,
776 1394 931 1448 quibus
958 1394 1137 1435 insidiae
1163 1394 1458 1436 Parmenionis

104 1453 146 1493 in
178 1466 321 1508 regem
353 1467 596 1507 precesque,
629 1456 677 1493 ut
708 1454 848 1507 ipsum
878 1454 1154 1508 vindicarent,
1188 1454 1458 1495 contineban-

103 1515 185 1552 tur.
246 1510 385 1566 Igitur
429 1513 602 1567 cognita
644 1514 757 1568 regis
801 1513 1020 1554 voluntate
1064 1528 1150 1554 non
1192 1513 1364 1567 quidem
1397 1515 1459 1554 in-

103 1571 313 1626 dignatio,
359 1571 430 1611 sed
476 1574 619 1612 tamen
659 1572 811 1612 seditio
857 1586 1084 1626 conpressa
1125 1576 1199 1614 est.
1267 1572 1458 1627 Dilapsis

202 1691 217 1720 1
245 1686 493 1732 praeferente]
529 1688 760 1731 praeferente
793 1692 818 1721 P
850 1701 891 1723 m.
917 1701 975 1733 pr.
1101 1693 1119 1722 2
1147 1689 1322 1734 cucurrit]
1351 1700 1458 1723 cucu-

103 1734 153 1767 rit
171 1738 207 1767 L.
283 1737 485 1778 mutuaque
512 1736 652 1769 Lauer:
680 1737 850 1770 mutuata
871 1741 903 1778 C,
928 1738 1100 1770 mutuatu
1120 1741 1156 1770 P.
1232 1736 1457 1771 salutatione

102 1782 249 1825 scripsi:
277 1781 528 1825 gratulatione
549 1786 588 1816 A.
690 1783 790 1817 facta
817 1785 1022 1819 Bentleius:
1059 1784 1179 1818 functi
1205 1787 1244 1818 A.
1350 1784 1458 1828 Poly-

105 1829 232 1862 damas
253 1832 286 1862 1:
314 1829 522 1873 polidamas
537 1833 576 1864 A.
653 1834 672 1864 3
693 1831 928 1877 Parmenion]
956 1832 1198 1875 parmoenion
1218 1835 1254 1866 B.
1331 1836 1350 1865 6
1372 1832 1459 1865 Par-

104 1876 268 1922 menion]
289 1877 531 1920 parmoenion
551 1880 587 1911 B.
672 1877 809 1924 inquit]
836 1878 968 1923 inquid
994 1883 1066 1913 LV.
1158 1883 1177 1913 8
1205 1879 1333 1924 saluti]
1360 1879 1458 1912 salu-

104 1924 153 1957 tis
167 1927 207 1957 V.
281 1925 403 1970 tanta]
424 1926 531 1959 tanta
545 1929 580 1958 P.
656 1926 780 1971 parta]
800 1927 899 1970 parti
916 1930 955 1960 V.
1032 1930 1050 1959 9
1072 1926 1257 1972 Philotae]
1278 1926 1458 1971 phylotae

105 1973 173 2004 BL.
301 1976 338 2005 11
376 1972 517 2017 haurit]
545 1973 644 2007 aurit
662 1976 701 2006 V.
826 1972 1021 2019 Cleander]
1050 1974 1220 2008 eleandre
1241 1978 1277 2015 P,
1304 1974 1458 2008 cleande

105 2022 130 2051 L
152 2030 193 2052 m.
212 2030 268 2062 pr.
370 2023 412 2052 κ.)
438 2020 540 2065 ferit]
567 2019 701 2054 feurit
721 2024 792 2054 PV.
892 2021 1020 2067 ceteri]
1049 2022 1212 2056 ceterum
1238 2025 1273 2054 P.
1374 2032 1459 2055 con-

104 2065 269 2111 fodiunt]
297 2066 519 2100 eonfudiunt
538 2071 573 2100 P.
700 2071 740 2101 13
769 2068 833 2111 qui
865 2069 914 2103 ad
937 2070 1101 2112 primum
1133 2069 1277 2103 aditum
1309 2070 1456 2113 scripsi:

106 2112 198 2156 quid
219 2113 361 2147 aditum
388 2118 422 2151 Ρ,
451 2115 514 2157 qui
542 2114 686 2148 aditum
708 2119 740 2148 C.
850 2119 892 2149 16
920 2116 1069 2161 coeunt]
1096 2118 1262 2160 quoeunt
1287 2120 1316 2149 V
1340 2129 1381 2150 m.
1398 2128 1456 2161 pr.

110 2163 150 2193 17
178 2159 402 2204 Polydamas
426 2165 458 2195 1:
486 2162 695 2206 polidamas
717 2166 755 2196 A.
856 2166 897 2196 18
923 2164 1065 2198 nemori
1093 2164 1297 2209 eversuros]
1321 2174 1458 2197 memo-

106 2207 184 2241 riae
203 2218 373 2242 uersuros
397 2213 432 2243 P.
532 2210 770 2255 denuntiant]
792 2210 1007 2244 denutriant
1026 2215 1096 2245 FP.
1179 2215 1221 2244 19
1243 2211 1343 2256 duci]
1366 2211 1459 2245 duce

107 2258 132 2287 P
155 2266 196 2288 m.
213 2266 270 2298 pr.
382 2259 425 2289 ‘20
452 2255 645 2302 primores]
673 2257 813 2301 priores
840 2261 865 2290 B
886 2270 928 2291 m.
946 2270 1004 2302 pr.
1026 2262 1052 2291 F
1072 2271 1116 2292 m.
1134 2270 1191 2302 pr.
1213 2262 1248 2291 P.
1345 2257 1461 2292 intro-

107 2301 208 2335 mitti
227 2306 259 2335 1:
288 2302 485 2337 intermitti
506 2307 544 2337 A.
621 2304 889 2350 Parmenionis]
916 2305 1192 2349 parmoenionis
1213 2308 1249 2339 B.
1326 2309 1369 2339 24
1397 2305 1460 2338 Di-

107 2348 241 2394 lapsis]
269 2349 431 2394 delapsis
457 2355 492 2384 P.

180 2414 317 2440 Omnes
341 2416 448 2441 Rrrus
469 2417 512 2441 ed.
534 2417 714 2442 Hedicke.
754 2418 808 2442 Ed.
830 2417 933 2443 maior.
1203 2415 1244 2445 14

1487 1287 1529 1317 30
