1610 2522
379 108 715 144 HISTORIARUM
741 89 1027 143 ALEXANDRI
1053 107 1131 150 VH,
1154 112 1184 141 4.
1377 106 1463 148 219

105 234 206 261 num
241 232 529 272 equorumque
558 217 789 259 multitudo
816 217 1020 272 gignitur.
1072 215 1220 270 Itaque
1247 215 1465 257 Bactriani

106 278 271 332 equites
303 289 399 319 XXX
437 278 556 319 milia
594 278 878 332 expleverant.
941 275 1039 330 Ipsa
1072 275 1244 329 Bactra,
1276 276 1465 330 regionis
1493 286 1533 315 31

107 338 196 379 eius
229 340 372 391 caput,
412 337 492 378 sita
527 339 626 377 sunt
659 336 736 378 sub
770 338 915 377 monte
948 335 1221 390 Parapaniso.
1285 335 1466 375 Bactrus

106 397 241 438 amnis
292 397 493 451 praeterit
545 395 722 437 moenia.
802 394 843 436 Is
894 394 989 436 urbi
1041 398 1082 436 et
1132 394 1297 450 regioni
1350 394 1464 434 dedit

70 474 84 499 5
104 470 271 498 nomen.
637 498 650 512 ἱ

38 520 86 555 19
196 515 278 556 Hic
311 515 401 569 regi
435 515 591 555 stativa
629 514 805 555 habenti
838 514 1061 555 nuntiatur
1094 528 1144 554 ex
1179 512 1356 554 Graecia
1393 512 1458 553 Pe-
1492 524 1535 554 32

105 575 453 630 loponnesiorum
485 574 787 628 Laconumque
821 572 1002 615 defectio
1039 599 1092 602 —
1125 572 1316 613 nondum
1351 572 1463 612 enim

106 634 207 676 victi
240 636 371 688 erant,
404 648 498 675 cum
531 633 905 688 proficiscerentur
942 632 1153 673 tumultus
1187 632 1277 673 eius
1309 631 1465 686 princ-i-

105 694 175 748 pia
216 693 453 734 nuntiaturi
491 718 547 722 —
592 696 633 734 et
671 692 781 733 alius
825 706 1024 746 praesens
1074 694 1213 733 terror
1262 690 1464 744 adfertur,

56 772 86 796 10
107 752 307 808 Scythas,
351 753 423 807 qui
462 752 576 793 ultra
620 752 796 793 Tanaim
839 766 1005 792 amnem
1039 751 1202 804 colunt,
1235 750 1463 791 adventare

105 812 237 854 Besso
271 812 446 853 ferentis
485 826 618 866 opem.
682 811 845 852 Eodem
878 813 1086 865 tempore,
1120 824 1226 865 quae
1259 809 1304 850 in
1336 812 1463 865 gente

104 871 305 914 Ariorum
346 870 532 912 Caranus
571 874 613 911 et
654 870 858 926 Erigyius
897 873 1136 924 gesserant,
1178 869 1461 924 perferuntur.

106 930 393 972 Commissum
432 932 522 971 erat
559 929 769 984 proelium
810 929 920 971 inter
950 929 1204 970 Macedonas
1238 928 1461 983 Ariosque.

104 990 344 1046 Transfuga
395 989 689 1031 Satibarzanes
733 989 926 1030 barbaris
976 991 1185 1043 praeerat:
1243 989 1316 1042 qui
1367 1002 1462 1029 cum
1491 999 1533 1029 33

54 1069 84 1093 ιε»
103 1063 291 1104 pugnam
326 1064 497 1105 segnem
531 1049 746 1103 utrimque
767 1049 913 1103 aequis
934 1048 1096 1089 viribus
1130 1051 1241 1088 stare
1274 1047 1462 1101 vidisset,

105 1109 149 1150 in
181 1110 342 1163 primos
385 1108 553 1150 ordines
593 1107 857 1162 adequitavit
896 1108 1150 1161 demptaque
1188 1107 1309 1163 galea
1353 1106 1462 1148 inhi-

104 1168 218 1221 bitis,
252 1169 325 1222 qui
350 1169 435 1209 tela
461 1167 683 1222 iaciebant,
716 1168 751 1208 si
778 1168 873 1221 quis
899 1167 1061 1208 viritim
1095 1166 1295 1207 dimicare
1322 1165 1461 1219 vellet,

105 1228 352 1282 provocavit
386 1227 438 1268 ad
470 1242 676 1282 pugnam:
715 1227 875 1268 nudum
910 1241 952 1267 se
994 1229 1122 1280 caput
1154 1226 1199 1267 in
1231 1225 1461 1267 certamine

105 1287 361 1328 habiturum.
412 1286 453 1327 N
457 1301 512 1328 on
543 1286 645 1327 tulit
670 1287 872 1327 ferociam
906 1286 1075 1327 barbari
1104 1285 1222 1327 ducis
1243 1284 1461 1340 Erigyius,
1488 1296 1533 1326 34

52 1366 85 1389 20
105 1347 247 1402 gravis
281 1346 450 1401 quidem
484 1349 634 1399 aetate,
667 1345 739 1387 sed
771 1348 813 1387 et
845 1345 976 1386 animi
1011 1348 1051 1385 et
1084 1344 1274 1399 corporis
1307 1343 1460 1385 robore

105 1406 213 1447 nulli
246 1405 447 1446 iuvenum
479 1405 788 1459 postferendus.
832 1403 873 1444 Is
907 1404 1027 1459 galea
1059 1404 1230 1458 dempta
1262 1403 1459 1444 canitiem

107 1467 342 1506 ostentans:
389 1464 563 1517 ‘Venit’‚
602 1465 754 1517 inquit,
797 1464 919 1518 ‘dieS,
954 1478 1037 1517 quo
1072 1466 1144 1504 aut
1177 1463 1354 1504 victoria
1388 1466 1461 1504 aut

108 1527 242 1565 morte
274 1524 586 1577 honestissima,
614 1523 760 1577 quales
786 1523 944 1564 amicos
966 1526 1013 1564 .et
1040 1522 1198 1565 milites
1222 1522 1461 1563 Alexander

105 1583 279 1636 habeat,
312 1582 556 1625 ostendam’.
610 1582 701 1624 Nec
732 1582 857 1637 plura
892 1582 1084 1624 elocutus
1123 1596 1278 1636 equum
1311 1581 1355 1622 in
1388 1580 1460 1622 ho·
1487 1592 1531 1622 35

54 1661 86 1686 25
107 1646 213 1683 stem
241 1642 339 1698 egit.
404 1641 603 1683 Crederes
628 1643 898 1696 imperatum,
929 1644 977 1682 ut
1004 1641 1113 1682 acies
1139 1644 1344 1695 utraeque
1375 1640 1460 1682 tela

107 1702 370 1743 cohiberent:
435 1701 629 1755 protinus
687 1704 798 1742 certe
849 1703 1112 1742 recesserunt
1168 1700 1267 1741 dato
1323 1700 1457 1741 libero

204 1847 220 1875 1
250 1842 516 1887 equorumque]
538 1853 716 1885 equorum
737 1845 772 1875 P.
843 1846 861 1874 2
884 1841 987 1875 milia
1007 1851 1073 1875 om.
1094 1844 1131 1874 P.
1201 1844 1219 1874 3
1247 1840 1403 1874 Bactrus
1425 1844 1457 1873 1:

106 1890 256 1924 boctrus
277 1893 316 1923 A.
410 1894 429 1923 5
455 1889 503 1935 Is]
530 1889 588 1923 his
615 1893 650 1922 P.
745 1893 764 1923 6
791 1888 1145 1933 Peloponnesiorum
1171 1892 1204 1921 1:
1232 1887 1458 1932 peloponen-

107 1937 244 1971 siormn
267 1940 306 1971 A.
382 1942 401 1971 8
428 1936 532 1982 victi]
552 1936 671 1970 uincti
690 1940 716 1970 P
739 1948 781 1970 m.
796 1948 857 1981 pr.
928 1939 969 1970 10
992 1935 1165 1981 Scythas]
1186 1935 1324 1969 scithas
1346 1938 1458 1977 BFL,

105 1985 218 2018 scitas
239 1988 279 2018 V.
354 1984 514 2030 amnem]
535 1995 681 2018 omnem
701 1987 737 2017 P.
814 1987 856 2018 12
878 1983 1048 2017 Ariorum
1070 1983 1211 2018 Lauer:
1240 1983 1409 2016 arionum
1430 1986 1458 2015 A

107 2031 289 2078 [alionum
309 2032 365 2078 V].
446 2031 609 2066 Caranus
638 2031 856 2066 Frobemus:
885 2041 1067 2065 caui-anus
1088 2034 1125 2073 P,
1153 2041 1325 2064 caui-arus
1353 2034 1386 2063 0.

106 2079 280 2123 Erigyius
299 2079 522 2114 Frobenzssus:
550 2079 700 2124 eriguus
721 2082 759 2112 A.
846 2082 888 2112 13
916 2078 1011 2123 erat]
1039 2079 1144 2112 erant
1164 2081 1200 2111 P.
1288 2077 1457 2111 Macedo-

107 2138 172 2160 nas
205 2131 246 2160 P:
284 2127 502 2161 macedones
535 2131 568 2160 c.
716 2130 759 2159 14
786 2125 1044 2160 Satibarzanes
1078 2126 1312 2160 I'indelz'nus:
1349 2125 1457 2158 sarti-

107 2173 215 2207 bazes
236 2177 275 2207 A.
352 2178 393 2207 16
414 2173 600 2219 inhibitis]
621 2172 766 2207 inibitis
787 2177 848 2206 LV
869 2185 913 2207 m.
928 2184 988 2218 pr.
1060 2176 1102 2206 18
1129 2172 1331 2206 certamine
1352 2172 1457 2206 habi-

106 2221 248 2266 turum]
280 2222 419 2255 certam
444 2220 700 2264 inhebiturum
726 2224 763 2254 P.
858 2225 899 2254 19
928 2219 1033 2254 ducis
1054 2220 1228 2265 Erigyius
1249 2219 1455 2263 Zumptius:

107 2268 182 2301 dux
219 2267 320 2301 illius
359 2268 538 2302 exercitus
578 2271 617 2302 A.
763 2272 805 2301 21
853 2267 1045 2313 canitiem]
1097 2267 1278 2301 caniciem
1316 2270 1455 2300 BLPV.

107 2318 151 2348 23
171 2315 305 2361 morte]
328 2317 483 2349 mortem
503 2319 543 2349 V.
620 2319 664 2349 24
684 2315 894 2361 ostendam]
914 2315 1135 2349 hostendam
1155 2319 1190 2348 P.
1272 2313 1456 2359 elocutus]

106 2362 303 2406 eloquutus
328 2366 366 2396 F.
