1610 2522
387 77 721 114 HISTORIARUM
748 77 1030 112 ALEXANDRI
1056 77 1116 120 VI,
1143 82 1174 111 4.
1380 77 1462 119 163

108 187 305 241 dedisset,
330 202 461 241 prope
490 187 676 228 occisum
703 186 755 227 ab
782 201 842 228 eo.
893 185 1093 242 Agitasse
1113 186 1298 228 Dareum
1325 189 1461 229 custo-
1489 198 1508 227 9

107 247 220 288 diam
265 247 454 300 corporis
499 247 564 287 sui
610 250 757 289 contra
794 247 859 287 ius
891 246 1040 299 fasque
1072 246 1297 301 peregrino
1331 246 1460 286 militi

107 306 272 347 tradere
305 306 503 347 damnata
538 306 811 360 popularium
843 305 944 360 fide,
989 319 1117 359 quam
1150 320 1225 359 per
1257 305 1462 346 ducentos

107 370 149 406 et
181 365 361 421 triginta
386 379 520 407 annos
547 365 796 406 inviolatam
824 365 997 420 regibus
1025 364 1112 406 suis
1135 364 1462 419 praestitissent.

72 444 84 468 t>
109 424 161 466 Se
201 426 243 465 in
281 424 505 479 praecipiti
544 428 585 466 et
617 424 781 466 lubrico
814 426 997 466 stantem
1030 424 1255 466 consilium
1289 439 1312 464 a
1343 439 1461 478 prae·
1490 435 1533 466 10

108 485 216 525 senti
249 484 501 525 necessitate
533 485 747 539 repetisse.
794 483 978 525 Dareum
1011 498 1192 538 quoque,
1226 498 1319 524 cuni
1355 484 1461 525 occi-

108 544 238 585 disset
257 543 444 600 Bagoan,
476 543 556 585 hac
588 544 861 585 excusatione
888 543 1143 584 satisfecisse
1169 543 1462 597 popularibus,

107 604 221 657 quod
252 603 525 644 insidiantem
552 603 848 644 interemisset.
899 602 1022 643 Nihil
1049 617 1139 644 esse
1164 602 1331 643 miseris
1353 616 1461 643 mor·
1489 613 1531 642 11

106 662 263 703 talibus
297 662 450 717 spiritu
484 663 639 703 carius:
679 677 821 703 amore
854 662 944 702 eius
977 662 1029 703 ad
1060 661 1213 702 ultima
1245 676 1333 702 esse
1365 676 1460 716 pro-

52 740 84 764 10
105 722 287 776 pulsum.
339 720 420 763 Sed
447 737 494 763 ea
526 723 662 777 magis
690 737 779 763 esse
807 724 1000 763 secutum
1028 736 1152 775 quam
1182 724 1362 775 optasse.
1411 720 1459 762 In
1490 731 1531 761 12

105 782 321 823 communi
360 781 601 822 calamitate
640 796 758 822 suam
801 795 1012 835 quemque
1044 780 1198 821 habere
1231 780 1459 822 fortunam.

107 841 149 882 Si
184 842 326 882 venire
360 855 403 882 se
435 840 618 891 iuberet,
663 841 752 882 sine
791 843 906 881 metu
941 855 1029 881 esse
1061 843 1298 881 venturum.
1360 839 1461 883 Non

104 901 268 954 timere,
299 915 352 941 116
383 900 510 941 fidem
538 900 678 941 datam
704 902 849 941 tantus
874 915 949 941 rex
974 899 1170 940 violaret:
1205 899 1305 941 deos
1333 915 1356 941 a
1382 900 1459 941 deo

105 960 196 1002 falli
222 974 309 1001 non
336 960 480 1000 solere.
533 958 730 1000 Ceterum
757 959 803 1013 si,
837 959 905 1000 cui
929 959 1058 1000 fidem
1085 959 1215 1011 daret,
1246 959 1462 1000 videretur
1489 968 1532 999 13

52 1037 83 1062 15
105 1019 323 1075 indignus,
368 1019 504 1060 multa
548 1019 673 1060 exilia
710 1022 854 1073 patere
897 1018 1097 1073 fugienti:
1141 1019 1325 1073 patriam
1358 1033 1460 1069 esse,

104 1079 362 1132 ubicumque
388 1079 453 1119 vir
478 1078 603 1120 fortis
629 1078 770 1119 sedem
797 1079 877 1119 sibi
899 1078 1083 1134 elegerit.
1137 1077 1225 1118 Nec
1249 1078 1461 1119 dubitavit
1488 1088 1532 1119 14

104 1138 347 1179 Alexander
378 1137 526 1191 fidem,
571 1152 654 1192 quo
687 1137 840 1179 Persae
873 1137 999 1178 modo
1033 1137 1316 1191 accipiebant,
1349 1138 1459 1192 dare,

103 1197 371 1251 inviolatum,
404 1198 438 1238 si
470 1199 668 1250 venisset,
699 1198 801 1239 fore.

35 1260 80 1296 12
194 1256 408 1306 Quadrato
453 1260 595 1298 tamen
636 1257 805 1312 agmine
848 1260 889 1298 et
928 1257 1151 1311 conposito
1191 1256 1279 1297 ibat
1315 1270 1459 1310 specu-

50 1334 83 1359 20
103 1317 262 1357 latores
283 1316 461 1357 subinde
482 1317 771 1371 praemittens,
795 1316 868 1370 qui
889 1316 1160 1369 explorarent
1178 1317 1283 1357 loca.
1334 1315 1458 1356 Levis
1488 1325 1530 1356 15

104 1379 317 1417 armatura
344 1375 523 1417 ducebat
550 1390 714 1431 agmen,
740 1375 927 1430 phalanx
955 1389 1047 1416 eam
1074 1375 1341 1429 sequebatur,
1362 1378 1460 1429 post

102 1435 266 1489 pedites
311 1438 432 1476 erant
476 1435 772 1489 inpedimenta.
849 1434 906 1474 Et
945 1448 1047 1488 gens
1080 1434 1284 1475 bellicosa
1316 1437 1357 1475 et
1389 1449 1458 1475 na-

104 1505 222 1535 turae
280 1495 386 1535 situs
443 1494 630 1535 difficilis
681 1494 800 1534 aditu
851 1508 991 1535 curam
1045 1494 1156 1549 regis
1208 1494 1458 1535 intenderat.

103 1552 298 1607 Namque
330 1558 537 1608 perpetua
567 1555 692 1595 vallis
724 1554 832 1594 iacet
863 1567 996 1606 usque
1030 1553 1082 1594 ad
1113 1568 1228 1594 mare
1257 1552 1459 1607 Caspium
1487 1569 1530 1599 16

50 1631 82 1655 εξ,
103 1617 265 1667 patens,
299 1627 382 1667 quo
416 1616 550 1654 terrae
580 1613 670 1654 eius
697 1612 813 1653 velut
840 1612 1014 1653 brachia
1042 1615 1288 1654 excurrunt:
1321 1612 1460 1654 media

103 1673 216 1713 flexu
241 1672 408 1713 modico
437 1673 575 1713 sinum
602 1672 764 1713 faciunt
790 1672 914 1713 lunae
941 1672 1123 1713 maxime
1145 1672 1341 1725 similem,
1363 1686 1458 1712 cum

103 1732 292 1773 eminent
325 1746 483 1773 cornua
514 1732 704 1772 nondum
736 1734 875 1772 totum
909 1731 1055 1772 orbem
1089 1732 1223 1772 sidere
1256 1731 1457 1785 inplente.

105 1790 300 1832 Cercetae
340 1794 381 1831 et
412 1790 606 1844 Mossyni
641 1793 682 1831 et
717 1790 927 1844 Chalybes
966 1806 989 1831 a
1026 1791 1146 1832 laeva
1186 1793 1286 1832 sunt
1325 1793 1367 1831 et
1405 1790 1456 1831 ab
1486 1806 1528 1836 17

103 1843 234 1891 altera
278 1853 397 1904 parte
428 1850 659 1904 Leucosyri
705 1853 746 1890 et
777 1850 1041 1890 Amazonum
1076 1851 1233 1904 campi:
1277 1852 1319 1890 et
1349 1850 1459 1903 illos,

200 1960 218 1988 3
247 1955 425 1989 ducentos
453 1957 491 1989 et
515 1955 673 2000 triginta
699 1955 920 1989 Frobenius:
952 1958 979 1988 fi
1005 1956 1041 1988 et
1069 1966 1131 1989 666
1155 1958 1194 1988 A.
1294 1959 1314 1988 4
1341 1954 1459 1988 invio-

103 2001 236 2048 latam]
262 2001 470 2036 inuolatam
489 2006 514 2035 P
535 2015 579 2037 m.
594 2014 653 2046 pr.
736 2006 756 2036 5
783 2002 996 2047 praecipiti]
1023 2001 1219 2046 praetipiti
1238 2006 1274 2035 L.
1353 2005 1370 2035 7
1398 2012 1458 2035 ex-

104 2050 309 2095 cusatione]
338 2049 579 2084 excusacione
605 2053 643 2083 V.
746 2053 787 2083 10
815 2060 928 2092 quam
955 2051 1102 2093 optasse
1130 2050 1334 2084 Bentleius:
1363 2061 1459 2093 quae

105 2098 271 2140 optasset
295 2101 334 2130 A.
460 2102 502 2131 14
528 2097 611 2130 falli
646 2097 736 2142 non]
768 2097 974 2131 falli*n*0n
1000 2101 1035 2131 P.
1162 2101 1203 2132 15
1236 2096 1398 2141 fugienti
1422 2100 1456 2130 1:

105 2143 250 2188 sugenti
270 2148 308 2177 A.
423 2148 464 2178 19
491 2144 699 2190 conposito]
720 2145 955 2188 inconposito
975 2148 1013 2177 V.
1126 2148 1169 2178 20
1197 2144 1370 2189 subinde]
1398 2156 1458 2178 su-

105 2191 218 2234 pinde
238 2194 264 2224 B
283 2203 328 2226 m.
344 2203 402 2236 pr.
502 2195 543 2225 21
566 2191 744 2237 phalanx]
768 2191 949 2236 phalanxi
969 2195 1007 2225 V.
1092 2195 1135 2225 22
1163 2192 1284 2237 erant]
1312 2202 1399 2226 eran
1419 2195 1455 2226 1..

107 2241 150 2271 24
177 2238 283 2272 vallis
309 2242 350 2272 P:
377 2239 495 2273 ualles
517 2243 548 2272 C.
635 2239 751 2284 mare]
778 2249 878 2273 more
899 2243 924 2272 P
947 2251 987 2273 m.
1004 2251 1063 2283 pr.
1140 2243 1183 2273 25
1211 2250 1283 2283 quo
1310 2239 1455 2284 Sffcwzgyl:

107 2285 244 2365 dupbA.
366 2290 409 2320 ‘26
436 2287 597 2331 modico]
624 2286 769 2320 modica
796 2290 831 2320 L.
956 2289 999 2319 28
1027 2285 1210 2330 Chalybes
1234 2287 1456 2320 Frobenius:

106 2332 176 2365 cai
207 2342 244 2366 es
271 2337 308 2366 A.

1175 2393 1241 2426 11*
