1610 2522
363 77 696 111 Hlsroamafflxi
726 76 1006 111 MAEXANMM
1037 77 1110 120 1111,
1138 84 1168 113 9.
1391 77 1444 117 73

90 191 235 228 atuum
282 187 625 240 sarcinarumque
677 187 835 227 maiore
878 190 996 241 parte
1041 187 1235 242 deposita
1284 187 1442 240 Lycum

91 262 257 289 amnem
297 248 427 301 ponte
466 246 605 287 iunxit
650 249 690 287 et
728 261 803 300 per
843 246 930 287 dies
971 248 1157 302 quinquo
1197 248 1306 288 sicut
1345 250 1442 288 aute

91 306 338 361 Euphraten
390 306 556 346 traiecit
607 306 849 347 exercitum.
932 306 1032 348 hide
1085 307 1305 362 octoginta
1356 308 1443 347 sere

91 366 226 407 stadia
258 380 509 420 progressus
543 365 593 406 ad
621 365 801 406 alterum
836 381 1001 408 amnem
1040 392 1087 396 —-
1125 366 1333 409 Boumelo
1367 382 1442 407 11οψ-

54 443 68 467 5
91 441 186 466 men
220 429 282 467 est
317 451 369 454 —
405 428 542 466 castra
575 425 729 478 posuit.
793 423 1047 480 Opportuna
1080 426 1342 480 explicandis
1377 442 1442 467 00-

88 485 169 539 piis
196 485 314 541 regio
341 488 442 538 erat,
475 483 718 538 equitabilis
746 487 788 525 et
815 488 933 526 vasta
959 485 1176 540 planities:
1209 501 1261 527 110
1289 487 1442 540 stirpes

89 545 259 599 quidem
305 547 346 585 et
392 544 536 585 brevia
577 544 763 599 virgulta
809 545 1009 599 operiunt
1054 546 1206 595 solum,
1249 545 1442 600 liberque

87 607 337 658 prospectus
360 604 579 645 oculorum
603 604 729 645 etiam
758 605 808 645 ad
836 620 894 658 ea,
923 620 1029 658 quae
1050 606 1201 659 procul
1220 621 1441 659 recessere,

87 664 365 718 permittitur:
417 666 561 718 atque,
613 664 647 704 si
693 680 775 717 qua
821 665 959 718 campi
1004 665 1266 718 eminebant,
1319 665 1442 706 iussit

34 742 67 766 ιο
87 724 258 778 aequari
292 726 517 778 totumque
549 722 768 778 fastigium
805 725 984 765 extendi.

16 787 64 822 37
177 782 433 834 Alexandro,
474 783 547 836 qui
578 798 801 824 numerum
836 784 1055 837 copiarum
1089 784 1191 838 eius,
1232 788 1438 838 quantum

85 843 235 895 procul
281 843 511 884 coniectari
555 845 739 896 poterat,
784 843 1087 897 aestimabant,
1133 845 1203 885 vix
1248 845 1442 886 fecerunt

85 902 213 943 fidem
245 905 311 943 tot
340 902 512 943 milibus
544 903 674 943 caesis
702 903 883 943 maiores
918 904 1061 958 copias
1096 919 1185 946 esse
1212 907 1439 958 reparatas.

87 957 284 1002 Ceterum
324 963 461 1003 omnis
500 961 680 1016 periculi
719 964 759 1002 et
798 963 981 1004 maxime
1014 963 1302 1005 multitudinis
1343 978 1439 1005 con-
1492 983 1498 988 ·

33 1040 64 1065 15
85 1024 272 1075 temptor
328 1020 562 1062 undecimis
620 1021 771 1062 castris
830 1023 880 1063 ad
931 1022 1185 1077 Euphraten
1236 1025 1439 1077 pervenit.

86 1079 177 1130 Quo
219 1081 423 1135 pontibus
466 1081 612 1122 iuncto
655 1082 819 1135 equites
861 1082 1023 1136 primos
1067 1083 1139 1136 ire,
1181 1083 1438 1138 phalangem

85 1141 204 1194 sequi
237 1140 355 1182 iubet
380 1140 564 1193 Mazaeo,
597 1141 670 1194 qui
703 1141 754 1182 ad
781 1141 1058 1183 inhibendum
1087 1143 1314 1184 transitum
1349 1143 1439 1185 eius

84 1215 179 1241 011111
220 1215 291 1241 sex
324 1200 498 1241 milibus
539 1201 729 1254 equitum
765 1204 1025 1257 occurrerat,
1064 1217 1150 1243 non
1189 1218 1290 1244 auso
1330 1205 1438 1257 peri

83 1259 224 1301 culum
259 1261 323 1301 sui
356 1261 505 1302 facere.
568 1259 719 1302 Paucis
749 1261 896 1302 deinde
929 1276 1014 1302 non
1048 1262 1100 1302 ad
1134 1263 1333 1316 quietem,
1367 1263 1438 1304 sed

30 1337 62 1362 πο
82 1319 134 1360 ad
176 1320 488 1373 praeparandos
534 1320 699 1360 animos
745 1320 893 1361 diebus
939 1322 1048 1362 datis
1094 1322 1222 1363 militi
1268 1325 1438 1364 strenue

81 1378 247 1420 hostem
282 1379 449 1433 insequi
483 1381 622 1433 coepit
654 1382 859 1434 metuens,
899 1396 950 1422 110
985 1381 1186 1422 interiora
1217 1382 1340 1437 regni
1374 1383 1437 1423 sui

82 1441 244 1492 peteret
286 1439 609 1493 sequendusque
652 1442 760 1480 esset
802 1455 875 1493 per
916 1441 1010 1481 loca
1050 1442 1166 1482 omni
1206 1441 1436 1483 solitudine

81 1501 208 1552 atque
242 1499 387 1552 inopia
425 1501 554 1539 vasta.
617 1497 756 1554 Igitur
795 1502 945 1553 quarto
979 1501 1131 1541 decimo
1172 1501 1237 1542 die
1269 1504 1438 1556 praeter

81 1557 330 1598 Armeniam
362 1561 555 1611 penetrat
594 1558 644 1599 ad
679 1558 839 1613 Tigrin.
903 1559 1010 1600 Tota
1043 1560 1161 1615 regio
1202 1561 1314 1602 ultra
1353 1577 1436 1603 am-

26 1636 58 1660 25
80 1632 176 1657 110111
208 1617 367 1659 recenti
400 1617 594 1658 fumabat
628 1618 840 1660 incendio:
876 1619 1034 1673 quippe
1067 1619 1277 1674 Mazaeus,
1311 1635 1436 1675 quae-

81 1691 261 1730 cumque
295 1677 472 1731 adierat,
510 1677 623 1718 haud
657 1692 775 1719 secus
817 1693 944 1731 quam
976 1679 1112 1720 hostis
1147 1680 1307 1721 urebat.
1371 1680 1435 1723 Ac

80 1736 216 1788 primo
239 1736 432 1792 caligine,
460 1751 586 1790 quam
606 1737 749 1778 fumus
773 1738 988 1787 effuderat,
1017 1739 1269 1780 obscurante
1295 1742 1435 1782 lucem

80 1795 331 1836 insidiarum
360 1798 475 1837 metu
503 1796 707 1851 substitit,
741 1797 890 1838 deinde
926 1801 971 1838 ut
998 1798 1284 1852 speculatores
1318 1815 1434 1854 prae-

81 1855 199 1895 missi
245 1857 337 1896 tuta
382 1856 525 1896 omnia
568 1856 892 1909 nuntiaverunt,
937 1872 1096 1912 paucos
1143 1859 1335 1912 equitum
1383 1861 1434 1901 ad

176 1963 191 1993 1
221 1959 376 2005 Lycum]
403 1960 513 1994 licum
536 1964 571 1994 L.
666 1965 684 1994 6
712 1961 890 2005 planities
911 1966 943 1996 1:
971 1962 1151 2007 planicies
1174 1967 1212 1997 A.
1302 1968 1319 1997 7
1348 1977 1434 2009 ope-

78 2006 194 2052 riunt]
222 2008 367 2051 operuit
394 2012 419 2040 P
447 2020 488 2042 m.
509 2020 563 2052 pr.
664 2012 683 2042 8
711 2009 758 2042 ad
785 2010 843 2054 ea]
871 2021 936 2044 om.
959 2013 994 2045 B.
1095 2015 1113 2043 9
1142 2013 1254 2055 atque
1285 2014 1432 2057 scripsi:

79 2054 205 2098 itaque
241 2058 280 2088 A.
405 2059 446 2088 13
479 2057 686 2102 reparatas]
722 2059 912 2100 reperatas
942 2061 980 2091 V.
1107 2062 1148 2091 14
1185 2061 1430 2105 contemptor]

79 2103 286 2136 contemtor
311 2106 346 2136 P.
459 2107 499 2136 17
528 2103 678 2138 Mazaeo
705 2105 841 2139 Aldus:
869 2116 994 2139 mazeo
1021 2109 1060 2140 A.
1171 2104 1431 2154 inhibendum]

79 2149 283 2183 hibendum
309 2154 334 2183 F
354 2162 398 2184 m.
416 2162 474 2194 pr.
496 2155 520 2183 L
543 2163 584 2184 m.
601 2163 659 2195 pr.
762 2156 803 2185 18
830 2153 1052 2199 periculum]
1080 2154 1245 2197 periculo
1266 2159 1291 2188 P
1312 2167 1355 2189 m.
1371 2167 1431 2199 pr.

79 2200 122 2229 23
150 2199 282 2240 quarto
315 2197 477 2232 decimo
504 2199 703 2233 Kz‘nchzssus:
741 2202 872 2242 quarto
893 2203 932 2234 A.
1080 2201 1154 2246 die]
1184 2201 1227 2235 de
1254 2206 1280 2235 P
1307 2215 1348 2236 m.
1371 2215 1430 2246 pr.

79 2248 123 2278 24
161 2244 376 2279 Armeniam
416 2246 663 2280 Muetzelzius:
704 2246 831 2280 arbela
862 2250 900 2281 A.
1048 2248 1192 2294 Tigrin]
1233 2250 1358 2294 tygrin
1399 2254 1430 2283 C.

79 2295 122 2325 25
149 2291 321 2326 Mazaeus
348 2293 484 2328 Aldus:
518 2305 664 2327 mazeus
692 2297 729 2327 A.
841 2299 882 2328 28
911 2295 1095 2342 substitit]
1124 2296 1295 2331 subsistit
1321 2301 1357 2330 F.

78 2339 288 2385 praemissi]
315 2339 468 2384 premisi
487 2344 523 2375 L.

1474 317 1514 347 10

1470 796 1509 826 11

1469 1273 1510 1303 13

1466 1513 1508 1542 li

1465 1692 1505 1721 15
