1610 2522
140 83 223 126 162
637 82 676 124 Q.
704 82 848 117 ‹JURTI
875 83 988 116 miri

136 195 277 233 menta
320 192 487 234 modico
522 191 734 246 praesidio
762 192 861 232 dato
896 192 1121 245 campestri
1157 192 1307 233 itinere
1340 192 1492 234 ducere

135 252 263 293 iubet.
314 250 409 306 Ipse
443 266 537 292 cum
572 251 782 305 phalange
816 253 858 291 et
889 251 1083 304 equitatu
1106 262 1162 291 CL
1189 251 1328 292 stadia
1353 265 1491 292 emen-

134 326 206 352 sus
240 314 378 351 castra
411 311 452 351 in
486 313 607 364 valle,
641 325 725 364 qua
751 310 1011 363 Hyrcaniam
1042 310 1209 362 adeunt,
1243 311 1489 352 communit.

127 370 290 412 Nemus
335 370 537 424 praealtis
581 370 807 423 densisque
859 369 1086 411 arboribus
1131 370 1381 412 umbrosum
1427 374 1491 411 est

127 430 285 485 pingue
324 430 447 471 vallis
488 429 625 470 solum
666 429 907 480 rigantibus
945 429 1085 482 aquis,
1131 444 1237 483 quae
1271 444 1321 470 ex
1354 429 1489 484 petris
1527 446 1544 472 5

78 502 97 531 4
127 489 449 530 imminentibus
494 491 677 529 manant.
754 488 820 528 Ex
869 489 973 542 ipsis
1018 488 1231 529 radicibus
1277 489 1487 530 montium

128 548 341 590 Stiboetes
369 548 505 589 amnis
533 547 777 600 effunditur,
805 548 877 601 qui
905 548 986 588 tria
1011 548 1098 588 fere
1126 548 1264 588 stadia
1290 548 1331 588 in
1352 547 1490 604 longi-

126 608 317 649 tudinem
350 608 574 649 universus
608 608 721 660 fluit,
766 607 915 648 deinde
962 621 1083 660 saxo,
1128 607 1240 661 quod
1274 607 1486 648 alveolum

127 669 389 722 interpellat,
434 680 707 721 repercussus
752 666 834 708 duo
880 666 1035 707 itinera
1073 667 1189 707 velut
1230 666 1488 720 dispensatis

77 739 96 767 ῑ)
126 726 247 781 aquis
284 726 433 781 aperit.
496 725 599 767 Inde
642 728 810 767 torrens
843 728 885 766 et
918 740 1134 779 saxorum,
1178 740 1254 780 per
1287 740 1394 780 quae
1428 726 1486 767 in·
1508 743 1542 768 ιο

126 787 269 841 currit,
303 786 532 840 asperitate
564 785 795 827 violentior
821 787 978 826 terram
1004 799 1206 839 praeceps
1234 785 1361 826 subit.
1406 785 1487 826 Per

125 857 210 887 CCC
255 845 394 887 stadia
438 845 636 886 conditus
680 844 840 885 labitur
886 859 1115 898 rursusque
1159 844 1275 886 velut
1318 860 1368 885 ex
1401 845 1486 886 alio

124 906 243 946 fonte
271 907 501 958 conceptus
528 904 669 945 editur
695 907 737 945 et
762 918 921 946 novum
949 904 1115 945 alveum
1137 903 1322 945 intendit
1344 904 1486 958 priore

76 977 96 1007 6
125 965 188 1005 sui
217 967 338 1018 parte
365 964 597 1019 spatiosior
618 989 671 992 -—
695 963 852 1018 quippe
880 964 924 1004 in
948 963 1220 1005 latitudinem
1240 975 1272 1004 X
1292 966 1334 1004 et
1353 964 1484 1005 trium

124 1024 359 1066 stadiorum
393 1023 646 1064 diffunditur
682 1048 731 1053 —
767 1037 999 1077 rursusque
1025 1022 1346 1078 angustioribus
1373 1037 1484 1065 coer·
1506 1040 1538 1066 15

124 1084 233 1125 citus
284 1083 389 1138 ripis
434 1083 516 1124 iter
560 1082 687 1138 cogit.
769 1082 957 1123 Tandem
1002 1083 1045 1123 in
1090 1082 1272 1123 alterum
1317 1097 1483 1124 amnem

76 1155 95 1184 7
123 1143 252 1184 cadit:
332 1142 555 1198 Rhidagno
606 1156 763 1183 nomen
816 1145 890 1182 est.
974 1140 1144 1183 Incolae
1189 1141 1484 1196 adfirmabant,

124 1217 417 1256 quaecumque
451 1201 635 1243 demissa
667 1204 808 1242 essent
836 1201 881 1242 in
908 1215 1142 1254 cavernam,
1175 1216 1281 1255 quae
1307 1201 1485 1255 propior

124 1265 189 1304 est
220 1262 344 1315 fonti,
375 1276 535 1315 rursus
566 1260 641 1302 ubi
669 1260 784 1302 aliud
812 1275 859 1303 os
886 1261 1022 1301 amnis
1052 1260 1252 1314 aperitur,
1285 1262 1482 1302 existere:

124 1322 269 1376 itaque
302 1321 542 1362 Alexander
585 1321 733 1374 boves,
778 1334 862 1374 qua
907 1320 1091 1361 subeunt
1135 1334 1267 1373 aquae
1312 1323 1482 1373 terram,
1504 1337 1538 1362 20

124 1381 398 1435 praecipitari
424 1380 555 1433 iubet,
588 1394 767 1433 quorum
795 1394 984 1434 corpora,
1012 1379 1087 1420 ubi
1114 1394 1260 1420 rursus
1286 1379 1482 1433 erumpit,

125 1441 301 1495 expulsa
333 1440 487 1506 videre,
521 1439 592 1494 qui
626 1439 744 1480 missi
778 1443 909 1493 erant,
941 1443 988 1480 ut
1021 1439 1275 1493 exciperent.

74 1511 94 1541 8
214 1500 421 1549 Quartum
459 1499 542 1540 iam
580 1498 690 1540 diem
725 1499 872 1540 eodem
905 1498 1000 1540 loco
1035 1497 1220 1552 quietem
1252 1497 1380 1539 militi
1415 1498 1481 1539 de-
1503 1504 1550 1539 11

124 1559 255 1613 derat,
288 1574 383 1600 cum
416 1559 582 1600 litteras
602 1557 882 1611 Nabarzanis,
914 1558 986 1611 qui
1008 1557 1193 1599 Dareum
1228 1572 1322 1599 cum
1349 1557 1481 1598 Besso

123 1619 422 1673 interceperat,
466 1618 646 1672 accepit,
691 1632 870 1671 quarum
914 1618 1125 1658 sententia
1162 1617 1266 1658 haec
1297 1619 1403 1658 erat:
1438 1631 1480 1658 se
1501 1635 1534 1662 2⁵

123 1678 261 1719 Dareo
295 1692 381 1718 non
415 1677 545 1718 fuisse
577 1677 816 1730 inimicum,
860 1677 990 1718 immo
1024 1677 1171 1729 etiam,
1213 1691 1319 1730 quae
1352 1675 1480 1717 credi-

123 1737 255 1778 disset
280 1737 404 1778 utilia
430 1751 534 1790 esse,
566 1736 748 1777 suasisse
775 1739 828 1789 et,
861 1736 960 1790 quia
986 1735 1110 1777 fidele
1136 1735 1362 1777 consilium
1390 1735 1478 1790 regi

219 1869 237 1899 2
266 1865 387 1899 stadia
413 1865 599 1910 emensus]
626 1865 779 1899 stadeae
805 1877 952 1899 mensus
979 1868 1004 1897 P
1024 1876 1143 1909 φημ’.
1244 1867 1263 1897 3
1291 1864 1379 1909 qua]
1407 1874 1479 1907 que

121 1917 147 1946 P
167 1926 211 1947 m.
227 1924 286 1957 pr.
378 1912 620 1958 Hyrcaniam]
648 1912 854 1946 hircaniam
880 1915 985 1945 BLV.
1075 1915 1093 1945 7
1121 1911 1306 1946 Stiboetes
1331 1912 1476 1955 scripsi:

123 1959 279 1995 ziobetis
293 1963 322 1993 A
343 1960 517 2005 [ziobecis
532 1960 584 2006 L].
660 1966 679 1993 ὅ
706 1959 804 2005 fluit]
819 1959 891 1993 fuit
905 1964 929 1993 L
944 1972 987 1994 m.
1004 1972 1063 2004 pr.
1140 1963 1159 1993 9
1180 1959 1298 2005 velut]
1312 1958 1425 1993 uelud
1439 1961 1477 1992 B.

124 2012 166 2042 13
194 2008 412 2054 conceptus]
440 2009 638 2052 conceptas
667 2011 692 2040 P
718 2020 759 2041 m.
776 2019 834 2051 pr.
958 2007 1082 2042 editur
1106 2010 1132 2040 1.
1152 2019 1195 2041 m.
1216 2018 1298 2042 seen:
1333 2005 1412 2039 edit
1437 2009 1475 2039 A.

124 2060 166 2089 14
193 2055 450 2101 latitudinem]
472 2054 710 2089 altitudinem
730 2058 756 2087 P
776 2066 820 2089 m.
836 2066 894 2098 pr.
916 2058 955 2088 V.
1057 2058 1099 2088 15
1127 2054 1323 2099 coercitus]
1350 2053 1478 2088 coher-

122 2103 218 2137 citus
245 2107 277 2136 c.
403 2107 443 2136 17
472 2103 571 2136 cadit
600 2107 631 2135 1:
660 2102 771 2136 cadat
796 2106 835 2136 A.
958 2101 1158 2146 Rhidagno
1184 2105 1226 2135 P:
1258 2101 1415 2145 ridagno
1443 2105 1476 2135 c.

125 2154 165 2184 18
188 2161 443 2194 quaecumque
464 2154 497 2184 1:
519 2150 743 2194 quicumque
758 2153 796 2182 A.
872 2149 1034 2183 demissa
1049 2149 1249 2184 Kinchius:
1271 2148 1426 2182 dimissa
1439 2152 1475 2190 P,

123 2198 265 2232 dimissi
281 2202 313 2233 C.
388 2198 586 2243 propior-1:
608 2197 779 2242 proprior
792 2200 831 2230 A.
908 2200 950 2230 19
965 2196 1046 2242 ubi]
1062 2196 1230 2230 subin.
1300 2199 1344 2230 20
1365 2195 1476 2230 boves

127 2246 326 2280 Bentleins:
355 2245 447 2279 duos
467 2249 506 2279 A.
591 2244 679 2290 qua]
707 2256 799 2288 quas
819 2248 846 2277 F
869 2257 910 2278 m.
926 2256 985 2288 pr.
1012 2248 1038 2277 P
1057 2256 1101 2279 m.
1120 2256 1179 2288 pr.
1262 2247 1305 2278 24
1332 2243 1476 2277 Nabar-

122 2292 223 2326 zanis
254 2296 287 2326 1:
322 2293 523 2327 nabazanis
549 2297 578 2326 A
605 2292 828 2338 [nabazanes
862 2295 887 2324 P
907 2304 951 2326 m.
972 2291 1060 2336 pr.].
1207 2295 1250 2325 25
1279 2290 1425 2335 accepit
1449 2294 1477 2324 P

123 2352 164 2374 m.
180 2352 256 2384 prs
286 2341 424 2384 accipit
450 2345 482 2375 c.
582 2344 625 2374 26
654 2339 888 2385 credidisset]
915 2338 1114 2374 credidiset
1141 2343 1175 2372 P.
