1610 2522
64 196 104 226 12

69 555 76 581 1
97 554 106 582 5

67 790 108 820 14

68 909 107 939 15

71 1029 108 1058 16

70 1267 108 1297 17

84 1617 116 1651 X

89 1744 108 1773 2

90 1922 109 1951 3

142 76 220 118 138
643 81 682 119 Q.
712 78 854 113 CURTI
880 78 994 112 RUFI

134 188 344 227 secretum
390 186 535 227 inituri
582 187 819 228 consilium.
895 186 1133 228 Artabazus
1176 188 1495 230 convenientem

134 245 345 300 praesenti
390 246 587 287 fortunae
631 247 885 287 sententiam
929 261 1049 288 orsus
1081 247 1277 303 mitigare
1310 247 1493 289 Dareum

134 308 374 358 temporum
426 305 655 347 identidem
701 305 931 347 admonens
975 307 1131 360 coepit:
1181 307 1311 348 ferret
1360 321 1495 361 aequo

135 365 276 405 animo
320 365 711 419 qualiumcumque,
757 380 928 406 suorum
976 369 1116 406 tamen
1161 368 1225 407 vel
1269 367 1493 408 stuititiam

137 425 201 464 vel
229 438 426 465 errorem.
472 423 636 465 Instare
664 424 746 466 iam
774 425 811 465 ei
833 424 1135 479 Alexandrum,
1162 441 1347 481 gravem,
1367 427 1493 467 etiam

135 483 169 523 si
216 498 362 523 omnes
408 487 577 537 praesto
623 487 779 525 essent:
826 484 928 538 quid
964 484 1173 538 futurum,
1219 485 1253 526 si
1286 486 1495 540 persecuti

134 544 279 597 fun-am
326 543 459 597 ipsius
504 543 770 584 alienentur?
837 543 976 599 Aegre
1020 545 1164 599 paluit
1196 544 1410 586 Artabazo
1444 549 1496 598 et,

135 616 394 668 quamquam
420 617 589 644 movere
616 606 754 644 castra
781 605 1001 655 statuerat,
1033 604 1214 646 turbatis
1242 607 1381 645 tamen
1409 619 1496 646 om-

135 662 252 702 nium
299 661 452 703 animis
498 662 644 704 eodem
687 663 730 703 in
771 664 864 704 loco
904 663 1108 704 substitit.
1173 664 1255 705 Sed
1287 664 1497 706 attonitus

135 720 349 762 maestitia
381 722 508 762 simul
541 725 581 762 et
615 722 908 776 desperatione
941 722 1214 765 tabernaculo
1242 738 1284 765 se
1311 724 1496 766 inclusit.

136 779 251 835 Ergo
285 781 329 821 in
362 781 525 835 castris,
558 796 665 836 quae
698 783 856 823 nullius
883 783 1141 838 regebantur
1166 784 1359 838 imperio,
1390 783 1495 825 varii

135 840 377 881 animorum
410 844 554 882 motus
587 844 719 895 erant,
749 856 827 883 nec
859 842 903 883 in
936 856 1160 883 commune
1191 846 1238 884 ut
1271 847 1367 884 ante
1400 858 1496 885 con-

136 899 364 940 sulebatur.
426 900 525 941 Dux
559 900 815 943 Graecorum
849 902 1048 954 militum,
1080 901 1251 955 Patron,
1284 917 1399 944 arma
1433 917 1494 943 ca-

136 974 235 1013 pere
280 974 378 1000 suos
424 960 543 1001 iubet
584 964 842 1015 paratosque
887 976 976 1002 esse
1009 961 1062 1002 ad
1094 962 1388 1016 exequendum
1423 962 1496 1004 im-

135 1019 311 1072 perium.
388 1018 539 1060 Persae
584 1023 864 1062 secesserant:
913 1020 1068 1062 Bessus
1115 1036 1212 1063 cum
1257 1021 1494 1063 Bactrianis

137 1081 226 1119 erat
259 1079 583 1134 temptabatque
615 1079 764 1121 Persas
797 1080 1016 1134 abducere,
1050 1080 1202 1122 Baetra
1239 1084 1280 1122 et
1310 1082 1495 1123 intactae

136 1138 324 1193 regionis
358 1140 560 1192 opulenta
593 1140 815 1194 simulque,
849 1154 957 1194 quae
986 1140 1259 1181 manentibus
1286 1140 1496 1182 instarent

136 1197 336 1251 pericula,
370 1201 600 1240 ostentans.
652 1198 875 1241 Persarum
910 1199 1101 1241 omnium
1129 1200 1275 1241 eadem
1301 1201 1389 1242 fere
1415 1201 1495 1242 fuit

136 1271 239 1311 vox,
283 1257 402 1299 nefas
448 1273 538 1299 esse
583 1258 718 1300 deseri
757 1273 911 1313 regem.
974 1258 1090 1300 Inter
1121 1259 1224 1300 haec
1256 1259 1495 1301 Artabazus

137 1317 334 1358 omnibus
361 1318 648 1372 imperatoriis
674 1318 933 1374 fungebatur
966 1319 1136 1360 officiis:
1170 1319 1241 1360 ille
1268 1319 1493 1361 Persarum
1516 1337 1530 1361 2

135 1377 409 1418 tabernacula
445 1377 687 1432 circumire,
716 1377 898 1431 hortari,
934 1392 1107 1419 monere
1142 1393 1253 1419 nunc
1290 1379 1495 1435 singuIOS,

136 1450 248 1477 nunc
280 1436 502 1478 universos
535 1452 621 1478 non
654 1441 751 1479 ante
785 1438 962 1492 destitit,
995 1453 1122 1492 quam
1150 1438 1252 1480 satis
1280 1442 1495 1480 constaret

136 1496 343 1549 imperata
375 1495 574 1538 facturos.
636 1496 754 1538 Idem
788 1511 911 1551 aegre
944 1514 967 1538 a
1000 1497 1138 1538 Dareo
1172 1498 1414 1551 inpetravit,
1447 1502 1493 1539 ut

137 1554 279 1596 cibum
312 1559 482 1609 caperet
512 1556 786 1610 animumque
818 1557 945 1598 rebus
978 1557 1226 1598 adverteret.

227 1614 284 1655 At
330 1615 485 1657 Bessus
536 1619 577 1656 et
622 1615 894 1658 Nabarzanes
945 1617 1047 1657 olim
1102 1618 1310 1672 agitatum
1356 1618 1494 1659 scelus

137 1673 289 1727 exequi
322 1677 516 1715 statuunt
549 1676 670 1731 regni
703 1676 938 1729 cupiditate
970 1676 1153 1718 accensi:
1188 1676 1324 1717 Dareo
1353 1679 1493 1717 autem
1516 1697 1528 1716 ·.

137 1732 340 1775 incolumi
374 1737 514 1775 tantas
548 1749 650 1788 opes
683 1750 851 1789 sperare
883 1750 969 1776 non
996 1739 1204 1789 poterant.
1257 1735 1423 1789 Quippe
1451 1735 1493 1776 in

137 1791 222 1833 illis
267 1793 467 1847 gentibus
512 1808 659 1849 regum
704 1795 858 1835 eximia
900 1795 1096 1836 maiestas
1130 1798 1209 1836 est:
1255 1795 1307 1834 ad
1339 1808 1492 1836 nomen

137 1866 307 1905 quoque
339 1852 507 1894 barbari
542 1854 812 1906 conveniunt,
852 1857 894 1895 et
925 1855 1129 1908 pristinae
1162 1854 1378 1895 veneratio
1411 1854 1493 1895 for-

136 1914 263 1952 tunae
290 1913 482 1965 sequitur
509 1912 739 1954 adversam.
790 1912 974 1954 Inflabat
1003 1914 1142 1966 inpios
1169 1913 1333 1954 animos
1362 1914 1495 1969 regio,
1514 1931 1528 1953 a

234 2056 252 2085 3
281 2052 420 2099 coepit]
448 2053 547 2097 cepit
573 2057 598 2086 P
621 2066 662 2088 m.
680 2066 738 2097 pr.
814 2058 834 2086 4
861 2053 1206 2098 qualiumcumque]
1233 2053 1493 2096 qualiumquo-

138 2110 209 2142 que
229 2103 255 2132 P
274 2112 319 2134 m.
338 2112 394 2145 pr.
477 2106 496 2134 ι’)
525 2100 581 2134 vel
608 2102 784 2146 errorem]
806 2111 870 2135 uer
889 2112 1049 2135 errorem
1068 2104 1107 2134 V.
1192 2100 1266 2134 iam
1293 2101 1326 2134 ei
1345 2103 1491 2145 scripsi:

137 2149 263 2181 tamen
290 2151 329 2181 A.
412 2152 431 2181 6
459 2148 640 2193 futurum]
668 2148 880 2182 futurumss*
902 2152 938 2182 P.
1040 2151 1057 2181 7
1085 2150 1205 2193 Aegre
1231 2148 1442 2183 Acidalius:
1471 2159 1491 2182 a

138 2205 223 2238 rege
251 2207 294 2229 ea
315 2207 352 2229 re
373 2199 412 2229 A.
502 2201 543 2230 13
574 2196 723 2241 Patron]
745 2198 903 2239 quatron
924 2199 952 2228 V
1047 2199 1088 2229 18
1116 2197 1323 2240 ostentans}
1343 2195 1493 2230 hosten-

138 2244 220 2276 tans
241 2246 280 2277 V.
357 2247 398 2276 22
428 2243 589 2289 destitit]
617 2243 755 2277 distitit
775 2247 809 2276 P.
886 2247 929 2277 23
957 2243 1081 2288 aegre]
1105 2254 1235 2287 aegere
1256 2247 1291 2278 P.
1368 2247 1411 2276 24
1438 2253 1494 2277 re-

138 2289 206 2323 bus
234 2291 454 2325 Frobensns:
482 2291 580 2335 regis
601 2294 638 2324 A.
717 2295 758 2324 ’2)
787 2291 852 2336 At]
879 2291 926 2324 ad
949 2294 1021 2324 LV.
1104 2290 1340 2324 Nabarzanes
1367 2294 1399 2324 1:
1428 2302 1494 2323 na-

138 2337 297 2373 bazanes
319 2341 347 2370 A
374 2338 486 2384 [naua
515 2349 622 2372 zanes
649 2340 704 2384 Vj.
805 2342 847 2371 26
875 2338 1037 2383 accensi]
1065 2338 1219 2373 accessit
1246 2342 1282 2372 F.

1519 742 1551 767 10

1518 1039 1548 1064 15
