1610 2522
77 648 97 677 8

62 1307 101 1336 lo

61 1427 97 1456 11

64 1904 105 1933 13

126 109 180 148 ΤΗ
628 114 667 151 (3.
697 110 837 144 ‹¹1'ii'r1
870 110 976 144 RUFI

125 233 305 272 (tumque
338 218 378 260 id
408 234 531 260 omen
561 234 635 273 pro
670 220 782 260 tristi
816 235 840 260 a
865 220 1079 275 plerisque
1107 224 1217 262 esset
1243 222 1477 275 acceptum,

124 277 393 332 respondisse
440 281 572 329 vates,
624 294 819 331 magnam
867 278 982 320 illam
1030 279 1173 321 urbem
1222 280 1476 321 advenarum

125 337 406 391 frequentiam
441 338 670 391 culturam,
712 338 941 393 multisque
980 354 1069 380 eam
1113 340 1235 381 terris
1275 340 1478 380 alimenta

125 397 423 451 praebituram.

215 455 388 510 Retrem
409 472 504 498 cum
527 457 710 499 5001111110
732 458 846 499 3111111
869 458 1083 511 deflueret,
1107 458 1280 513 adsequi
1303 458 1479 513 cupiens
1499 460 1547 497 34

124 492 304 569 Hector?
319 516 611 558 Parmenionis
630 516 756 570 filius,
777 518 932 560 eximio
955 493 1103 559 aetatis
1125 518 1239 573 flore,
1267 518 1309 559 in
1332 518 1478 572 paucis
1516 535 1532 560 ⁶

124 550 368 617 Alexan'dro
389 590 524 629 carus,
550 592 726 631 parvum
752 577 971 633 navigium
999 553 1246 620 conscendit
1271 577 1480 632 pluribus,

125 650 252 690 quam
297 650 445 691 capere
491 639 653 690 posset,
698 637 909 692 inpositis.
987 636 1134 692 Itaque
1180 652 1316 679 mersa
1361 636 1480 678 navis

126 709 271 737 omnes
305 695 511 737 destituit.
575 695 735 738 Hector
774 697 845 738 (1111
879 697 1045 739 flumini
1080 696 1344 750 obluctatus,
1383 711 1478 738 cum

126 755 298 797 madens
332 755 463 797 vestis
497 758 535 796 et
565 756 758 797 adstricti
786 756 968 811 crepidis
1000 757 1127 810 pedes
1158 760 1304 799 natare
1338 756 1481 811 prohi-
1503 773 1535 798 ιο

126 815 290 866 herent,
329 815 373 856 in
410 816 544 870 ripam
580 819 723 857 tamen
756 817 1016 858 semianimis
1050 817 1183 858 evasit
1223 819 1282 869 et,
1320 819 1367 857 ut
1400 816 1479 870 pri-

126 890 241 916 mum
274 875 479 930 fatigatus
514 875 710 930 spiritum
744 875 920 929 laxavit,
963 891 1087 930 quem
1122 879 1261 917 metus
1301 879 1341 918 et
1375 876 1481 930 peri-

126 934 268 976 eulum
303 935 554 988 intenderat,
585 935 704 976 nullo
732 935 958 977 adiuvante
995 962 1046 965 —
1082 937 1239 990 quippe
1274 935 1315 976 in
1349 935 1481 976 diver-

81 1027 87 1035 .
127 1009 220 1035 sum
264 997 484 1036 evaserant
526 995 597 1036 alii
642 1020 695 1024 -—
738 995 1005 1037 exanimatus
1047 998 1122 1036 est.
1194 994 1353 1037 Amissi
1393 995 1481 1037 eius

127 1054 334 1096 desiderio
371 1053 640 1096 vehementer
673 1054 869 1097 adflictus
902 1058 965 1096 est
995 1058 1294 1109 repertumque
1328 1069 1482 1109 corpus
1504 1071 1536 1096 15

128 1114 356 1168 magnifico
389 1114 544 1155 extulit
577 1115 734 1156 funere.

218 1172 421 1224 Oneravit
447 1173 558 1215 hunc
586 1174 774 1216 dolorem
800 1176 976 1216 nuntius
1005 1175 1154 1216 mortis
1181 1173 1484 1227 Andromachi,

129 1248 253 1288 quem
282 1234 542 1287 praefecerat
571 1233 734 1288 Syriae:
762 1235 906 1276 vivum
928 1233 1160 1276 Samaritae
1182 1235 1482 1276 cremaverant.

129 1293 195 1335 Ad
253 1293 374 1335 cuius
430 1294 648 1335 interitum
709 1293 1026 1347 vindicandum,
1084 1296 1242 1349 quanta
1297 1293 1483 1334 maxima

130 1353 346 1395 celeritate
379 1354 534 1408 potuit,
573 1353 804 1407 contendit,
842 1354 1167 1408 advenientique
1206 1356 1306 1394 sunt
1338 1353 1481 1394 traditi
1505 1369 1538 1393 20

130 1414 238 1455 tanti
280 1412 450 1454 sceleris
493 1416 697 1454 auctores.
767 1412 1069 1455 Andromacho
1109 1413 1258 1454 deinde
1301 1413 1484 1454 Menona

131 1472 355 1515 substituit
388 1473 651 1527 adfectisque
684 1473 916 1528 supplicio,
955 1473 1028 1527 qui
1060 1476 1298 1528 praetorem
1333 1472 1484 1514 intere-

131 1535 308 1585 merant,
334 1535 552 1586 tyrannos,
579 1532 689 1574 inter
715 1547 822 1587 quos
848 1532 1246 1587 Methymnaeorum
1274 1532 1485 1574 Aristoni-

132 1608 226 1633 cum
261 1596 303 1632 et
335 1590 577 1645 Stesilaum,
610 1592 890 1648 popularibus
922 1593 1009 1634 suis
1043 1592 1235 1634 tradidit:
1276 1605 1382 1646 quos
1422 1590 1484 1633 illi

132 1652 185 1693 ob
219 1651 395 1693 iniurias
429 1655 566 1693 tortos
599 1655 867 1695 necaverunt.
1505 1665 1538 1691 25

221 1711 549 1753 Atheniensium
579 1712 740 1765 deinde,
774 1711 1038 1753 Rhodiorum
1075 1714 1117 1753 et
1144 1710 1346 1753 Chiorum
1374 1709 1486 1766 lega-

133 1775 198 1812 tos
238 1771 372 1812 audit:
414 1770 696 1813 Athenienses
730 1772 954 1813 victoriam
987 1771 1312 1826 gratulabantur
1345 1773 1398 1818 et,
1439 1773 1486 1810 ut

133 1831 288 1885 captivi
325 1830 581 1872 Graecorum
617 1833 703 1873 suis
736 1831 1074 1884 restituerentur,
1107 1830 1296 1874 orabant.
1331 1829 1483 1870 Rhodii

134 1894 175 1933 et
210 1890 303 1931 Chii
340 1890 389 1932 de
422 1890 633 1944 praesidio
663 1891 960 1945 querebantur.
1024 1889 1181 1932 Omnes
1215 1904 1348 1943 aequa
1380 1888 1486 1930 desi-

229 2000 247 2027 3
275 1995 539 2041 frequent-iam]
561 1996 810 2040 frequentium
832 2000 870 2029 V.
947 2000 966 2029 6
988 1995 1125 2030 Hector
1143 1999 1176 2028 1:
1204 1995 1356 2029 haector
1375 1997 1413 2027 A.

137 2043 386 2079 Parmenionis
419 2047 451 2076 1:
495 2044 770 2088 parmoenionis
803 2047 842 2078 A.
988 2048 1008 2077 8
1044 2043 1231 2087 inpositis]
1274 2042 1414 2086 inpotin
1447 2045 1486 2076 V.

134 2096 153 2125 9
186 2091 324 2126 Hector
361 2095 393 2124 1:
434 2091 587 2126 haector
625 2095 663 2125 A.
812 2095 854 2125 10
899 2091 1155 2137 prohiberent]
1199 2089 1413 2134 proiberent
1450 2093 1486 2123 P.

137 2145 176 2173 13
214 2139 441 2184 intenderat]
475 2139 685 2174 intenderet
724 2143 749 2172 L
784 2152 825 2173 m.
856 2151 911 2183 pr.
1062 2141 1102 2172 18
1141 2138 1268 2183 quem]
1307 2147 1417 2181 quam
1450 2140 1486 2170 1..

136 2191 177 2222 19
204 2187 368 2221 maxima
395 2187 606 2221 Acidaliusz
635 2187 792 2221 maxime
820 2190 858 2220 A.
977 2191 1017 2220 21
1048 2186 1205 2220 Menona
1233 2185 1485 2220 Blaneardus:

134 2245 329 2269 memnona
355 2237 394 2268 A.
476 2238 519 2267 ‘23
548 2235 645 2268 inter
670 2245 761 2278 quos
792 2235 958 2269 Medius:
987 2234 1156 2277 interque
1184 2236 1222 2266 A.
1303 2231 1486 2276 Methym-

133 2293 309 2317 naeorum
337 2282 558 2317 Frobenius:
587 2282 898 2316 methimneorum
925 2285 964 2314 A.
1040 2286 1081 2315 24
1115 2280 1314 2314 Stesilaum
1340 2281 1486 2325 scripsi:

134 2330 306 2364 ersilaum
334 2333 372 2363 A.
474 2334 515 2364 25
544 2330 676 2374 tortos]
704 2331 820 2363 tortas
842 2333 867 2362 P
895 2341 936 2362 m.
955 2341 1011 2373 pr.
1112 2332 1153 2362 27
1182 2326 1486 2373 gratulabantur]

133 2378 381 2424 g1·atul·›antur
408 2382 440 2411 C.
540 2381 582 2412 29
610 2388 730 2421 aequa
761 2377 927 2411 Medius:
955 2388 1071 2420 eaque
1097 2380 1133 2417 P,
1161 2386 1301 2420 eaquae
1329 2379 1361 2408 c.
