1591 2493
201 113 229 148 X
734 113 1004 149 PRAEFATIO

202 227 296 265 duni
324 240 427 266 anno
454 240 566 265 MDLv
592 240 662 276 per
692 227 923 265 Michaelem
953 226 1131 276 Sylvium
1157 226 1265 276 typis
1291 239 1486 276 expressa,
1510 228 1551 265 in

203 300 281 337 qua
307 288 423 325 multi
449 299 598 325 errores
624 287 793 336 primum
822 286 1020 324 emendati
1046 289 1149 335 sunt,
1179 299 1267 324 cum
1295 283 1552 336 praefationis

204 348 286 385 loco
320 347 529 396 epistulam
556 346 700 397 Angcli
729 346 844 395 Cospi
873 346 1129 384 Bononiensis
1161 346 1209 383 ad
1237 346 1421 384 Iacobum
1451 346 1550 385 Ban-

202 407 351 444 nissum
377 406 596 454 exhiberet,
630 405 798 455 Cospum
827 406 926 444 hanc
953 406 1065 443 Curti
1097 405 1308 444 editionem
1341 406 1552 445 correxisse

202 466 487 513 existimabam,
514 466 581 503 sod
601 468 739 514 postea
761 465 841 503 vidi
868 465 979 502 illam
1001 465 1211 514 epistulam
1238 478 1317 504 una
1336 478 1425 503 cum
1453 462 1553 504 ‘vita

202 526 415 564 Alexandri
449 526 584 575 Magni
618 538 662 562 ox
694 525 805 563 libris
832 525 1086 562 historiarum
1119 525 1161 562 in
1196 525 1469 575 compendium
1495 538 1552 563 re-

201 586 317 623 dacta
336 586 390 623 Io.
413 585 606 623 Monac-ho
625 584 789 622 authore
810 588 849 622 et
870 584 1021 635 Angelo
1037 583 1164 633 Cospo
1179 585 1417 622 Bononiensi
1432 584 1553 622 inter-

201 643 325 694 pretc'
362 645 459 694 ipsis
486 644 597 682 Curti
623 643 752 682 verbis
787 645 1003 694 praemissa
1040 643 1088 682 ab
1124 644 1272 682 editore
1304 644 1553 694 desumptam

201 717 282 743 esse
311 718 354 741 ex
375 704 488 750 libro,
516 705 584 754 qui
605 717 706 743 anno
728 716 859 742 Μυκη
880 704 1056 742 Viennae
1077 704 1304 742 Pannoniae
1325 717 1394 754 per
1414 703 1552 743 Hiero-

200 778 363 813 nymum
391 764 591 802 Victorem
618 765 831 812 impressus
860 764 1107 802 inscribitur:
1141 761 1320 802 ‘Diodori
1346 763 1437 802 libri
1463 763 1553 811 duo,

199 824 350 873 primus
377 823 423 861 de
447 823 624 873 Philippi
651 824 866 861 aliorumve
887 824 1134 872 quorundam
1153 823 1370 862 illustrium
1396 823 1553 872 ducum,

200 883 301 922 alter
327 884 372 920 de
393 883 607 921 Alexandri
634 883 750 921 rebus
777 883 909 934 gestis.
960 883 1183 933 Utrumque
1206 883 1408 921 latinitate
1434 882 1552 922 dona-

199 944 257 981 vit
282 943 459 993 Angelus
492 943 640 992 Cospus
674 939 961 981 Bononiensis’.
1012 942 1088 980 Sed
1124 944 1187 981 cui
1220 945 1300 980 iam
1337 942 1552 992 Cospianas

198 1003 288 1041 illas
314 1003 608 1041 emendationes
628 1003 813 1050 tribuam,
833 1002 948 1041 valde
970 1002 1119 1051 dubito,
1140 1016 1227 1041 cum
1241 1003 1351 1041 illius
1366 1002 1551 1041 editionis

199 1063 439 1112 exeiiiplaiia
450 1062 707 1112 bibliopolam
723 1062 869 1112 partim
888 1062 1103 1101 Antonium
1120 1062 1384 1110 vincentium,
1404 1064 1552 1112 partim

197 1122 386 1160 Ioannem
413 1122 656 1160 Frellonium
683 1122 896 1171 appellent,
922 1122 962 1159 id
990 1122 1094 1172 quod
1124 1123 1244 1160 etiam
1270 1122 1310 1159 in
1336 1121 1425 1160 aliis
1451 1123 1550 1160 eius-

198 1182 286 1219 dem
313 1183 457 1220 aetatis
490 1182 728 1220 editionibus
760 1181 1091 1233 Lugdunensibus
1123 1182 1357 1231 scriptorum
1390 1181 1552 1221 Latino-

198 1255 283 1280 rum
321 1254 414 1280 cura
450 1241 611 1280 Ioannis
647 1242 849 1280 Bouhierii
885 1241 947 1280 vel
986 1242 1147 1281 Ioannis
1182 1242 1367 1280 Raenerii
1400 1241 1551 1291 paratis

198 1302 376 1340 videmus
401 1302 551 1340 factum
579 1314 671 1340 esse.

286 1361 417 1399 Unum
443 1363 578 1411 restat,
605 1364 649 1399 ut
669 1361 862 1409 omnibus,
889 1363 957 1410 qui
977 1362 1058 1399 sive
1079 1361 1278 1399 codicibus
1297 1360 1552 1410 inspiciendis

197 1422 278 1460 sive
305 1421 416 1459 libris
450 1421 744 1460 commodandis
771 1422 852 1458 sive
886 1421 1059 1460 consiliis
1092 1420 1230 1458 dandis
1263 1421 1345 1458 sive
1377 1421 1550 1471 plagulis

198 1481 440 1531 corrigendis
479 1481 611 1519 studia
655 1493 743 1518 mea
781 1481 1035 1528 adiuverunt,
1079 1482 1229 1531 gratias
1274 1492 1390 1531 agam
1430 1492 1550 1529 quam

198 1553 398 1579 maximas.

288 1636 464 1674 Dabam
494 1636 870 1674 Frcienwaldiac
899 1636 998 1685 prid.
1024 1635 1070 1673 K.
1098 1635 1184 1674 Iun.
1213 1646 1466 1674 MDccccvm.

981 1750 1231 1794 Edmundus
1263 1749 1465 1794 Hedicke.

293 2238 330 2273 P.
354 2242 420 2274 338
447 2251 478 2273 v.
504 2243 544 2272 19
572 2240 664 2274 dele
690 2249 858 2273 comma
880 2242 979 2283 post
1006 2239 1166 2282 gentem.

294 2287 330 2321 I'.
353 2290 418 2320 371
448 2299 478 2320 ν.
501 2292 544 2321 25
571 2288 664 2321 dele
691 2297 859 2321 comma
879 2290 981 2331 post
1007 2285 1201 2319 desiderio.
