1610 2522
155 67 242 107 370
660 66 699 107 Q.
728 66 871 101 CUR'l‘I
900 66 1011 101 RUFI

154 176 414 230 relinqueret
440 190 630 231 regnum,
658 174 887 228 respondit,
916 176 964 227 ei,
993 176 1065 229 qui
1086 178 1197 216 esset
1218 175 1423 230 optimus:
1451 189 1513 216 ce-

155 239 292 276 terum
326 235 548 290 providere
582 235 662 275 iam
697 249 751 287 se,
786 234 839 274 ob
873 234 915 275 id
948 237 1159 276 certamen
1191 249 1370 289 magnos
1396 234 1514 275 fune-

109 307 128 337 6
156 294 252 335 brcs
290 295 412 335 ludos
454 294 592 348 parari
626 293 718 334 sibi.
783 293 946 334 Rursus
980 294 1182 335 Perdicca
1214 294 1515 349 interrogante,

157 354 326 408 quando
360 354 560 395 caelestes
594 353 777 393 honores
810 352 957 394 haberi
991 353 1073 394 sibi
1099 355 1238 407 vellet,
1271 353 1390 406 dixit,
1422 356 1513 393 tum

156 415 276 467 velle,
309 428 403 454 cum
438 413 519 467 ipsi
551 412 696 453 felices
729 415 880 453 essent.
945 412 1152 467 Suprema
1183 412 1287 453 haec
1319 427 1402 453 vox
1433 413 1517 454 fuit
1554 430 1569 456 5

156 473 282 528 regis,
315 475 356 513 et
388 473 516 526 paulo
548 475 647 526 post
680 471 956 526 extinguitur.

111 546 127 575 τ
248 531 310 573 Ac
354 532 494 586 primo
540 532 708 585 ploratu
746 531 1026 585 lamentisque
1066 534 1108 572 et
1145 531 1387 585 planctibus
1426 533 1517 571 tota
1539 538 1587 573 15

158 592 274 647 regia
307 591 579 645 personabat:
612 604 712 631 mox
744 591 861 631 velut
893 591 935 631 in
970 593 1088 632 vasta
1118 590 1348 631 solitudine
1375 590 1519 632 omnia

158 651 272 692 tristi
293 650 462 692 silentio
484 653 602 691 muta
622 650 851 704 torpebant
867 650 918 691 ad
938 650 1234 705 cogitationes,
1249 649 1350 704 quid
1368 649 1518 690 deinde

112 723 131 753 8
158 710 350 751 futurum
391 715 519 764 esset,
562 709 707 751 dolore
739 724 954 750 converso.
1016 709 1195 750 Nobiles
1227 709 1346 764 pueri
1381 711 1516 749 custo·
1539 729 1572 755 10

160 770 252 811 diae
296 771 489 824 corporis
533 769 624 810 eius
663 769 827 809 adsueti
864 783 943 811 nec
982 768 1140 810 doloris
1179 768 1515 824 magnitudinem

161 844 309 884 capere
340 843 418 870 nec
450 843 493 869 se
526 828 642 882 ipsos
675 828 786 868 intra
818 828 1075 869 vestibulum
1109 828 1250 883 regiae
1277 831 1419 869 tenere
1444 841 1520 882 po-

160 891 344 930 tuerunt.
408 888 604 944 Vagique
638 891 679 928 et
710 887 951 929 furentibus
985 888 1143 929 similes
1176 890 1338 929 tantam
1371 886 1519 928 urbem

161 949 280 990 luctu
314 963 362 990 ac
391 962 579 988 maerore
606 946 906 1001 conpleverant
933 948 1064 988 nullis
1092 947 1312 1001 questibus
1340 945 1521 1000 omissis,

115 1022 133 1051 9
162 1023 267 1063 quos
309 1008 353 1049 in
394 1007 469 1048 tali
511 1021 609 1048 casu
642 1007 765 1048 dolor
797 1007 1005 1062 suggerit:
1039 1021 1160 1062 ergo,
1204 1006 1277 1060 qui
1310 1010 1429 1047 extra
1460 1019 1519 1046 re·
1541 1026 1574 1052 1⁵

162 1068 274 1123 giam
314 1067 582 1119 adstiterant‚
628 1065 878 1107 Macedones
917 1067 1077 1119 pariter
1110 1066 1380 1120 barbarique,
1426 1079 1519 1107 con-

163 1130 347 1168 currunt.
410 1125 500 1167 Nec
538 1128 739 1180 poterant
771 1125 869 1166 victi
905 1141 929 1166 a
961 1125 1196 1166 victoribus
1228 1126 1273 1166 in
1305 1124 1521 1166 communi

163 1187 308 1227 dolore
342 1185 541 1228 discerni:
574 1184 727 1226 Persae
760 1184 1040 1226 iustissimum
1075 1199 1122 1225 ac
1149 1185 1423 1225 mitissimum
1451 1183 1521 1226 do-

163 1247 338 1299 minum,
369 1244 624 1286 Macedones
657 1245 864 1299 optimum
898 1259 946 1285 ac
978 1245 1260 1285 fortissimum
1287 1258 1429 1299 regem
1461 1242 1520 1283 in-

94 1318 136 1348 10
163 1308 365 1347 vocantes
411 1307 623 1345 certamen
667 1304 878 1358 quoddam
921 1303 1124 1345 maeroris
1166 1303 1357 1344 edebant.
1430 1301 1523 1344 Nec
1542 1323 1576 1347 20

164 1367 421 1407 maestorum
455 1364 605 1415 solum,
638 1363 711 1405 sed
743 1363 871 1405 etiam
905 1362 1221 1418 indignantium
1247 1376 1371 1403 voces
1398 1376 1523 1402 exau-

165 1425 402 1477 diebantur,
440 1426 527 1464 tam
560 1422 738 1464 viridem
773 1426 814 1464 et
846 1423 888 1463 in
922 1423 1025 1464 flore
1059 1423 1208 1463 aeta-tis
1241 1421 1523 1474 fortunaeque

165 1484 325 1525 invidia
357 1483 481 1524 deum
515 1485 705 1536 ereptum
738 1496 828 1523 esse
853 1481 980 1523 rebus
1008 1481 1216 1522 humanis.
1269 1479 1404 1536 Vigor
1433 1480 1523 1521 eius

166 1547 207 1585 et
238 1544 381 1584 vultus
421 1542 640 1583 educentis
672 1543 714 1583 in
747 1541 956 1596 proelium
990 1542 1158 1594 milites,
1191 1541 1425 1581 obsidentis
1458 1554 1524 1580 ur-

165 1603 252 1654 bes,
285 1601 501 1643 evadentis
534 1602 577 1642 in
610 1616 766 1650 muros.
798 1601 932 1641 fortes
965 1600 1080 1641 viros
1111 1614 1188 1655 pro
1223 1600 1419 1641 contione
1452 1599 1523 1640 do·
1543 1618 1576 1644 25

97 1675 137 1705 11
165 1663 307 1704 nantis
335 1661 613 1702 occurrebant
639 1660 784 1702 oculis.
835 1660 942 1701 Tum
971 1659 1223 1701 Macedones
1250 1659 1417 1700 divinos
1450 1657 1523 1699 ho-

266 1808 281 1836 1
311 1802 504 1846 respondit
530 1802 672 1836 Laner:
699 1801 900 1845 respondet
927 1804 965 1834 A.
1088 1804 1106 1833 ‘2
1133 1799 1326 1844 providere
1355 1799 1522 1834 *Modiusx

168 1850 324 1895 prouide
350 1853 388 1882 A.
489 1853 507 1882 3
535 1849 676 1894 parari]
704 1859 836 1892 parare
856 1852 895 1881 V.
998 1852 1038 1882 12
1067 1858 1197 1891 capere
1226 1857 1291 1881 nec
1313 1857 1351 1880 se
1373 1846 1522 1881 Freins-

168 1899 320 1933 hemius:
337 1907 490 1931 canecse
504 1899 530 1929 B
547 1909 670 1940 mpr.⁷
691 1896 751 1930 sed
772 1907 861 1930 corr.
877 1896 961 1929 add.
978 1896 1018 1930 in
1034 1896 1194 1939 maryine
1216 1906 1348 1936 carere,
1371 1904 1523 1927 canecse

169 1950 194 1979 L
216 1957 345 1989 1›1.pr.‚
371 1945 432 1979 sed
452 1955 540 1979 corr.
563 1944 646 1978 add.
677 1945 714 1977 in
740 1944 904 1987 maraine
927 1953 1069 1984 canere,
1092 1953 1215 1976 carere
1236 1952 1323 1976 nece
1345 1945 1370 1974 F
1393 1953 1435 1975 m.
1451 1953 1522 1985 pr..

170 2004 294 2027 carere
326 2002 434 2026 nesce
468 1995 494 2024 F
525 2003 633 2032 corr„
667 2001 790 2025 carere
822 1994 861 2024 V.
1011 1995 1053 2024 14
1086 1990 1267 2034 maerore]
1299 1999 1460 2023 memore
1487 1992 1523 2022 P.

173 2046 214 2075 15
248 2040 354 2085 quos]
390 2050 450 2073 cos
483 2043 518 2072 P.
635 2038 671 2071 in
705 2038 788 2083 tali]
822 2038 859 2071 in
892 2037 974 2071 itali
1001 2041 1028 2070 F
1062 2050 1104 2071 m.
1126 2049 1202 2081 pr„
1235 2036 1317 2070 itali
1345 2039 1370 2068 B
1402 2047 1522 2080 mpr.

174 2093 214 2122 16
243 2087 480 2132 adstiterant]
509 2086 734 2120 adsisterant
761 2089 802 2126 P,
830 2084 1055 2119 adstiterunt
1082 2088 1108 2117 F
1129 2097 1173 2118 m.
1188 2096 1248 2128 pr.
1358 2086 1400 2117 19
1428 2083 1524 2127 opti—

172 2136 286 2181 mum]
314 2135 549 2179 optissimum
576 2137 610 2167 P.
729 2136 771 2166 20
799 2132 991 2177 maeroris]
1020 2132 1188 2165 memoris
1215 2135 1250 2165 P.
1369 2134 1411 2164 22
1439 2131 1524 2164 viri-

172 2183 271 2228 dem]
297 2182 457 2216 uicidem
485 2185 510 2214 P
529 2193 573 2215 m.
591 2193 648 2225 pr.
773 2184 816 2213 23
843 2179 1000 2224 invidia]
1027 2179 1146 2213 inuidi
1173 2183 1209 2212 F.
1339 2178 1522 2223 creptum]

173 2226 337 2275 ereptam
363 2233 408 2271 V,
442 2233 569 2273 erepta
595 2232 630 2262 P.
754 2231 796 2261 ‘25
824 2227 1030 2272 evadentis]
1066 2226 1268 2260 euadentes
1294 2229 1336 2268 P,
1363 2225 1523 2259 euaden-

173 2280 229 2312 t*s
256 2282 290 2311 L.
375 2278 514 2322 muros]
542 2287 662 2310 mures
688 2279 724 2309 P.
805 2275 900 2308 viros
927 2274 1008 2319 pro]
1035 2274 1134 2308 uiros
1161 2273 1260 2307 uiros
1286 2276 1312 2306 B
1334 2285 1375 2307 m.
1392 2285 1449 2318 pr.

174 2326 361 2370 contione]
389 2324 564 2358 concione
591 2327 628 2357 V.
729 2322 917 2368 donantis]
946 2321 1092 2356 donatis
1120 2326 1151 2354 c.
