1610 2522
147 120 234 161 330
649 119 688 161 Q.
717 119 860 154 CURTI
888 119 1001 154 RUFI

149 229 346 283 quotiens
373 229 547 270 adversa
571 229 663 284 regi
689 228 879 270 valitudo
908 229 1141 270 incidisset:
1174 229 1256 270 hoc
1282 231 1373 270 tum
1401 242 1501 282 quo-

101 299 120 328 5
149 302 229 342 que
262 303 377 329 more
411 291 578 329 servato
606 288 793 329 universi
821 287 1063 329 cubiculum
1090 289 1180 329 eius
1207 289 1379 329 intrant.
1424 286 1502 330 Ille

149 347 370 400 sollicitus,
402 362 454 388 ne
488 347 590 401 quid
622 347 722 389 novi
752 347 977 397 adferrent,
1011 348 1110 402 quia
1136 347 1263 388 simul
1290 350 1503 400 venerant,

148 410 433 461 percontatur,
464 422 566 447 num
599 407 789 448 hostium
821 420 965 448 recens
991 407 1260 448 nuntiaretur
1285 406 1501 447 adventus.

102 477 121 507 6
149 466 207 507 At
240 465 456 520 Craterus,
490 467 557 507 cui
590 466 838 507 mandatum
871 470 981 519 erat,
1014 470 1061 507 ut
1092 467 1325 507 amicorum
1358 479 1503 520 preces

148 526 352 580 perferret
394 526 447 566 ad
488 540 601 567 eum:
645 524 889 579 ‘Credisne'‚
931 526 1088 581 inquit,
1131 526 1329 566 ‘adventu
1368 524 1503 580 magis

149 585 356 638 hostium,
397 588 445 626 ut
486 585 568 626 iam
613 586 654 626 in
689 587 800 626 vallo
834 586 1131 636 consisterent,
1174 585 1381 626 sollicitos
1414 599 1504 625 esse

104 655 120 685 7
149 659 274 698 quam
310 659 409 686 cura
442 644 590 685 salutis
624 647 733 697 tuae,
766 647 813 685 ut
844 659 957 686 nunc
990 648 1064 697 est,
1097 644 1175 685 tibi
1208 644 1332 685 vilis?
1366 643 1505 693 Quan-

149 704 300 745 talibet
338 704 402 744 vis
437 705 628 744 omnium
661 704 854 759 gentium
887 704 1102 758 conspiret
1134 704 1178 745 in
1209 718 1304 757 nos,
1346 704 1506 757 inpleat

150 764 278 804 armis
317 763 504 817 virisque
536 767 676 804 totum
710 763 874 816 orbem,
919 763 1124 804 classibus
1157 763 1289 803 maria
1321 766 1505 804 conster-

149 826 240 876 nat,
285 823 524 864 invisitatas
567 822 711 864 beluas
755 822 942 864 inducat:
984 827 1029 863 tu
1068 837 1143 863 nos
1177 822 1413 876 praestabis
1445 821 1505 862 in-

103 894 123 923 8
151 883 297 924 victos.
363 881 446 923 Sed
479 882 573 936 quis
607 882 782 923 deorum
815 882 897 924 hoc
930 882 1202 923 Macedoniae
1232 882 1428 923 columen
1459 894 1506 922 ac

153 942 268 983 sidus
302 936 549 983 diuturnum
584 941 674 983 fore
708 941 902 995 polliceri
934 945 1092 996 potest,
1138 956 1233 982 cum
1266 944 1352 982 tam
1386 939 1506 981 avide

151 1001 389 1042 manifestis
432 1001 631 1055 periculis
674 1002 826 1042 ofleras
859 1015 1013 1055 corpus
1055 1001 1214 1042 oblitus
1247 1003 1311 1041 tot
1350 1000 1506 1042 civium

105 1073 124 1101 9
152 1062 313 1101 animas
347 1061 514 1102 trahere
544 1064 585 1102 te
613 1060 656 1101 in
683 1061 856 1101 casum?
913 1060 1015 1109 Quis
1045 1060 1157 1101 enim
1185 1059 1263 1101 tibi
1292 1062 1506 1125 superstes

152 1123 224 1161 aut
264 1123 385 1174 optat
418 1135 509 1161 esse
542 1124 615 1160 aut
648 1120 818 1174 potest?
869 1119 933 1161 Eo
966 1120 1235 1186 pervenimus
1269 1118 1505 1173 auspicium

151 1183 280 1233 atque
316 1180 540 1234 imperium
573 1180 708 1220 secuti
740 1182 875 1233 tuum,
907 1180 1017 1220 unde
1046 1178 1128 1220 nisi
1155 1182 1196 1220 te
1223 1178 1374 1219 reduce
1399 1178 1507 1220 nulli

85 1251 125 1281 10
153 1239 204 1280 ad
245 1242 419 1293 penates
462 1253 560 1280 suos
602 1240 683 1280 iter
725 1243 798 1280 est.
875 1238 1034 1288 Quodsi
1069 1238 1207 1280 adhuc
1241 1238 1290 1278 de
1324 1237 1507 1278 Persidis

151 1313 282 1353 regno
326 1313 421 1340 cum
456 1298 593 1340 Dareo
627 1298 868 1351 dimicares,
912 1299 992 1339 etsi
1023 1312 1147 1339 nemo
1181 1300 1326 1349 vellet,
1367 1300 1508 1337 tamen

151 1373 203 1399 ne
243 1358 443 1399 admirari
484 1358 654 1412 quidem
694 1360 837 1412 posset
876 1360 963 1398 tam
1002 1360 1225 1411 promptae
1262 1371 1352 1398 esse
1384 1360 1425 1397 te
1458 1355 1509 1396 ad

153 1432 276 1458 omne
310 1417 536 1458 discrimen
571 1418 786 1458 audaciae:
828 1432 927 1458 nam
960 1417 1033 1458 ubi
1066 1417 1185 1470 paria
1218 1419 1317 1457 sunt
1348 1415 1510 1470 pericu-

151 1478 239 1518 lum
278 1491 326 1517 ac
366 1478 617 1531 praemium,
663 1481 704 1518 et
744 1477 939 1518 secundis
973 1476 1097 1517 rebus
1131 1475 1314 1529 amplior
1346 1476 1509 1516 fructus

84 1548 125 1578 11
154 1540 217 1577 est
251 1540 291 1577 et
324 1537 511 1577 adversis
546 1536 749 1577 solacium
781 1536 927 1577 maius.
981 1535 1073 1576 Tuo
1100 1549 1200 1576 vero
1229 1535 1365 1589 capite
1391 1535 1510 1589 igno-

154 1595 282 1637 bilem
323 1596 463 1637 vicum
503 1597 604 1648 emi,
649 1597 744 1649 quis
776 1596 884 1637 ferat
916 1610 1003 1636 non
1035 1599 1207 1636 tuorum
1240 1594 1367 1635 modo
1400 1592 1509 1634 mili-

153 1658 257 1703 tum,
291 1655 364 1696 sed
396 1656 525 1696 ullius
559 1655 697 1709 gentis
727 1654 929 1696 barbarae
957 1654 1072 1707 civis,
1106 1654 1179 1707 qui
1204 1657 1321 1694 tuam
1348 1652 1510 1707 magni·
1531 1671 1545 1695 ε

86 1726 127 1756 12
155 1715 346 1755 tudinem
379 1714 529 1755 novit?
563 1714 720 1755 Horret
753 1714 918 1755 animus
951 1713 1256 1769 cogitationem
1282 1713 1356 1766 rei,
1383 1726 1510 1766 quam

155 1774 282 1828 paulo
328 1776 425 1814 ante
468 1774 662 1814 vidimus.
744 1773 903 1827 Eloqui
949 1774 1079 1814 timeo
1125 1772 1273 1814 invicti
1319 1771 1510 1826 corporis

156 1833 293 1887 spolia
327 1833 607 1874 inertissimas
641 1848 790 1874 manus
822 1833 956 1873 fuisse
987 1831 1230 1885 infecturas⁷
1263 1831 1346 1872 nisi
1378 1834 1418 1871 te
1452 1831 1510 1872 in-

90 1895 393 1946 13terceptu1n
433 1892 673 1933 misericors
714 1893 755 1932 in
794 1906 873 1933 nos
909 1892 1082 1932 fortuna
1115 1894 1332 1932 servasset.
1396 1889 1511 1931 To‘ti-

255 2002 270 2031 1
299 1996 485 2043 quotiens]
513 1997 689 2040 quociens
711 2000 780 2029 Pv.
883 2001 901 2030 2
931 1996 1106 2041 universi]
1134 1994 1296 2029 uniumsi
1322 1998 1361 2033 V,
1390 1995 1512 2028 unii-isi

159 2045 196 2090 [i.
218 2057 243 2078 e.
272 2045 451 2090 uniuersi]
479 2048 548 2077 FL.
631 2047 650 2077 3
679 2043 874 2089 sollicitus]
903 2043 1071 2077 solicitus
1098 2047 1133 2077 P.
1217 2047 1238 2076 4
1264 2042 1512 2087 nuntiaretur]

159 2092 397 2126 nunciaretur
422 2096 481 2125 FL
510 2104 551 2126 m.
574 2103 632 2136 pr.
728 2095 746 2124 6
775 2090 949 2126 Credisne
975 2095 1011 2124 1:
1041 2090 1216 2124 credesne
1242 2093 1280 2123 A.
1374 2089 1513 2135 inquit]

159 2140 290 2183 inquid
317 2143 343 2172 F
370 2151 412 2173 ¹m.
435 2151 494 2184 pr.
590 2143 607 2172 7
636 2138 748 2184 vallo]
777 2138 902 2172 ualido
929 2141 1013 2172 Bm.
1034 2150 1089 2182 Jsr.
1188 2137 1381 2182 sollicitos]
1414 2136 1514 2171 solli-

160 2187 255 2221 citus
270 2190 330 2220 BF
351 2199 394 2221 m.
407 2199 477 2231 pr.5
498 2186 677 2221 sollicit*s
692 2190 726 2219 L.
800 2190 838 2219 11
863 2185 1085 2230 praestabis]
1106 2184 1300 2228 praestabs
1314 2187 1352 2225 F,
1373 2186 1515 2228 prestast-

160 2234 246 2268 bilis
267 2238 306 2268 V.
384 2238 425 2268 17
448 2234 576 2280 atque]
598 2234 719 2277 adque
740 2237 766 2266 F
788 2246 829 2267 m.
848 2245 906 2277 pr.
986 2236 1029 2265 ‘20
1055 2232 1115 2277 ne]
1138 2242 1205 2266 nec
1226 2236 1258 2265 c.
1335 2235 1376 2265 *21
1400 2231 1514 2265 auda-

161 2282 255 2327 ciae]
297 2282 472 2316 audatiae
507 2285 546 2316 V.
700 2284 744 2315 23
787 2280 980 2325 solacium]
1018 2279 1192 2313 solatium
1227 2282 1253 2312 B
1283 2290 1327 2312 m.
1355 2290 1411 2323 pr.
1441 2281 1512 2312 Fv.

162 2333 205 2363 28
233 2329 492 2375 inertissimas]
520 2329 792 2363 inhertissimas
813 2332 849 2362 P.
934 2327 1135 2361 infectus-as
1163 2327 1374 2370 Zmnptius:
1402 2326 1515 2360 iniec-

162 2379 264 2411 turas
292 2380 329 2410 A.

1527 781 1560 807 10

1529 1077 1560 1103 15

1530 1375 1563 1400 20
