1610 2522
362 88 696 124 HISTORIARUM
722 86 1006 121 ALEXANDRI
1035 86 1074 128 Υ,
1105 91 1157 119 10.
1185 90 1236 119 11.
1396 86 1473 125 141

119 200 321 241 invictam
355 212 429 239 oro
463 201 504 239 et
537 197 744 251 obtestor,
778 197 822 238 in
854 195 1013 236 nostris
1048 195 1197 236 castris
1232 194 1310 235 tibi
1343 193 1479 235 taber-

119 260 318 300 naculum
349 259 506 299 statue:
539 271 617 298 nos
643 256 833 310 corporis
861 255 924 296 tui
951 253 1144 296 custodes
1172 268 1263 294 esse
1289 252 1477 307 patiaris.

121 318 353 360 Omisimus
400 316 637 369 Graeciam,
691 317 807 357 nulla
852 314 1006 355 Bactra
1051 316 1151 355 sunt
1193 313 1335 366 nobis,
1382 327 1477 366 spes

122 377 262 419 omnis
306 378 350 417 in
393 379 453 417 te:
498 376 662 417 utinam
705 375 834 416 etiam
866 374 1015 415 ceteris
1048 376 1169 414 esset.
1232 371 1363 413 Plura
1395 371 1478 413 dici

87 454 102 480 5
122 452 210 478 non
241 436 406 477 attinet
471 433 720 476 Custodiam
754 433 945 488 corporis
979 433 1042 473 tui
1075 435 1274 473 externus
1308 434 1349 473 et
1381 432 1478 472 alie-

122 497 277 551 nigena
328 509 415 536 non
471 494 760 548 deposcerem,
812 493 847 534 si
899 492 1110 534 crederem
1166 491 1298 533 alium
1355 505 1479 545 posse

49 560 99 596 81
121 554 362 622 praestare?
436 554 592 595 Bessus
637 567 896 607 quamquam
942 554 1031 592 erat
1078 550 1226 592 Graeci
1272 551 1479 591 sermonis
1509 560 1526 590 7

123 616 308 670 igna1·,us
334 617 474 654 tamen
504 614 748 655 stimulante
775 611 1036 653 conscientia
1061 610 1266 653 indicium
1286 609 1479 665 profecto

122 674 351 716 Patronem
385 673 587 715 detulisse
620 672 833 715 credebat:
867 674 909 712 et
942 671 1195 724 inteisspietes
1229 671 1364 711 celato
1399 684 1479 709 ser-

70 752 104 777 10
122 748 247 775 mone
282 732 431 774 Graeci
476 735 673 786 exempta
717 731 928 772 dubitatio
975 732 1048 771 est.
1117 729 1282 771 Dareus
1327 731 1481 781 autem,

124 796 331 847 quantum
364 807 415 833 ex
447 793 567 833 voltu
598 791 767 845 concipi
798 794 983 844 poterat,
1029 789 1140 830 haud
1175 803 1275 830 sane
1308 788 1481 830 territus

123 851 364 907 percontari
380 851 565 892 Patrona
586 865 754 892 causam
776 850 957 902 consilii,
978 849 1092 902 quod
1112 849 1309 901 adferret,
1330 847 1480 902 eoepit.

123 910 202 953 Ille
234 926 319 952 non
352 912 466 952 ultra
498 910 777 952 differendum
810 912 945 950 ratus:
991 908 1192 961 tBessus',
1233 907 1386 962 inquit,
1427 908 1485 948 ‘et
1512 920 1531 943 ⁸

123 970 395 1012 Nabarzanes
439 970 696 1011 insidiantur
738 969 836 1021 tibi,
880 969 923 1009 in
968 968 1121 1009 ultimo
1162 967 1407 1009 discrimine
1441 981 1484 1007 es

73 1047 105 1073 15
125 1030 322 1071 fortunae
354 1033 452 1070 tuae
485 1032 526 1071 et
557 1029 682 1082 vitae,
714 1028 784 1070 hic
817 1028 904 1069 dies
938 1031 1010 1068 aut
1043 1027 1269 1082 parricidis
1302 1029 1375 1067 aut
1404 1025 1484 1067 tibi
1513 1038 1532 1066 9

124 1090 294 1131 futurus
328 1089 532 1130 ultimus?
591 1088 648 1129 Et
676 1088 833 1129 Patron
866 1086 1036 1141 quidem
1071 1087 1287 1142 egregiam
1321 1100 1485 1127 conser—

127 1149 211 1189 vati
246 1149 358 1204 regis
392 1148 572 1203 gloriam
600 1149 766 1189 tulerat.
817 1147 1005 1188 Eludant
1032 1146 1156 1187 fidem
1184 1146 1298 1200 licet,
1329 1145 1484 1199 quibus
1516 1156 1557 1185 10

126 1208 237 1250 forte
276 1211 433 1249 temere
472 1207 657 1249 humana
694 1206 867 1262 negotia
905 1206 1020 1248 volvi
1053 1206 1206 1260 agique
1238 1219 1486 1260 persuasum

127 1270 191 1308 est
233 1282 398 1309 nexuve
442 1281 665 1308 causarum
709 1267 936 1307 latentium
981 1268 1021 1306 et
1060 1267 1197 1306 multo
1232 1267 1328 1305 ante
1362 1264 1486 1305 desti-

74 1344 108 1370 20
127 1330 324 1369 natarum
363 1341 485 1368 suum
527 1341 737 1380 quemque
771 1326 962 1367 ordinem
994 1325 1240 1366 inmutabili
1270 1325 1364 1379 lege
1396 1338 1487 1377 per—

127 1401 314 1428 currere:
359 1385 522 1427 Dareus
550 1388 663 1427 certe
693 1385 925 1439 respondit,
958 1399 1217 1438 quamquam
1250 1383 1332 1424 sibi
1361 1382 1487 1424 Grae·
1516 1394 1555 1422 11

129 1460 275 1487 corum
307 1446 494 1486 militum
526 1445 630 1486 fides
663 1447 765 1486 nota
804 1445 876 1497 sit,
917 1457 1149 1498 numquam
1183 1446 1325 1484 tamen
1358 1458 1381 1483 a
1413 1457 1487 1497 po-

129 1505 351 1559 pularibus
397 1504 484 1545 suis
529 1519 806 1545 recessurum.
869 1503 1101 1544 Difficilius
1137 1502 1219 1544 sibi
1251 1516 1343 1544 esse
1376 1501 1486 1542 dam-

129 1579 229 1606 nare
263 1579 390 1618 quam
423 1564 571 1618 decipi.
635 1563 850 1617 Quidquid
888 1563 976 1604 fors
1009 1563 1196 1616 tulisset,
1238 1563 1349 1602 inter
1388 1575 1487 1602 suos

75 1641 110 1667 25
130 1623 295 1689 perpeti
331 1625 456 1664 malle
496 1637 623 1676 quam
661 1623 927 1678 transfugam
959 1622 1063 1663 fieri
1127 1621 1229 1663 Sero
1263 1635 1306 1662 se
1338 1621 1488 1675 perire,

133 1683 169 1723 si
214 1684 377 1724 salvum
424 1697 514 1723 sese
548 1683 704 1724 milites
738 1683 803 1724 sui
834 1684 1009 1723 nollent
1072 1680 1233 1722 Patron
1266 1681 1488 1734 desperata
1518 1691 1559 1720 12

230 1781 246 1809 1
276 1775 456 1820 obtestor]
484 1776 650 1819 optestor
675 1777 781 1809 BLV.
905 1778 924 1807 3
953 1774 1163 1819 Graeciam]
1197 1774 1358 1818 gretiam
1383 1776 1486 1806 FLP.

133 1828 155 1856 4
171 1823 304 1869 omnis]
321 1833 448 1857 omnes
462 1826 498 1856 P.
574 1822 687 1856 etiam
702 1823 873 1858 Fossz‘us:
896 1825 933 1857 et
946 1822 983 1856 in
999 1825 1038 1856 A.
1116 1826 1133 1855 7
1152 1821 1299 1867 Graeci]
1314 1820 1433 1865 grecis
1449 1824 1486 1854 V.

135 1874 154 1904 9
180 1870 401 1915 interpretes
429 1869 548 1905 celato
570 1871 728 1913 Ieepz'us:
755 1870 971 1914 interpretis
990 1869 1109 1903 relato
1131 1872 1169 1902 A.
1271 1872 1313 1902 10
1341 1867 1487 1913 Graeci]

135 1928 290 1962 graecae
316 1921 354 1952 V.
442 1922 481 1951 11
510 1917 627 1963 haud]
655 1920 718 1951 aut
739 1921 774 1951 P.
870 1921 911 1951 1·.
894 1922 911 1938 ·'
940 1917 1117 1962 Patrona]
1144 1919 1302 1961 partona
1323 1919 1348 1948 P
1371 1928 1412 1949 m
1428 1928 1487 1960 pr

136 1970 179 1999 14
205 1965 455 2011 Nabarzanes]
482 1965 691 1999 nab-azanes
719 1968 855 1998 BFLP.
949 1976 986 1998 es
1012 1964 1185 1998 fortunae
1212 1964 1423 1998 101ᾱαῖίιι5ς
1453 1964 1487 1996 et

133 2012 305 2047 fortunae
332 2016 370 2045 A.
461 2017 502 2046 15
530 2015 594 2046 aut
622 2012 836 2057 parricidis]
870 2012 970 2046 haud
997 2011 1192 2056 parricidis
1213 2015 1249 2053 Ρ
1277 2011 1350 2045 aud
1371 2010 1489 2055 parri-

137 2060 229 2094 cidis
250 2064 275 2093 L
294 2072 339 2094 m.
355 2071 414 2104 pr.
512 2064 551 2093 17
581 2059 762 2104 Eludant]
784 2059 925 2093 erudan
945 2063 983 2093 V
1076 2059 1187 2092 fidem
1212 2058 1301 2092 licet
1329 2059 1487 2102 Ieepms:

134 2107 314 2142 uidelicet
327 2111 365 2142 A.
444 2112 484 2140 19
506 2118 647 2141 nexuve
663 2108 822 2151 Ieepzus:
845 2118 1014 2150 nexuque
1028 2110 1067 2140 A.
1144 2108 1180 2140 et
1200 2110 1233 2140 1:
1250 2116 1294 2140 ex
1314 2109 1352 2139 A.
1375 2105 1490 2139 desti-

135 2156 308 2189 natarum
334 2159 366 2189 1:
402 2155 666 2189 distinatarum
692 2158 752 2187 FP
778 2167 822 2189 m.
845 2166 916 2198 pr..
951 2154 1214 2188 distinatoruin
1242 2157 1267 2186 B
1296 2165 1338 2187 m.
1364 2164 1419 2196 pr.
1444 2156 1489 2194 V,

137 2201 403 2236 distinaturum
423 2206 447 2235 L
468 2214 511 2236 m.
529 2214 587 2246 pr.
665 2206 707 2235 22
734 2201 825 2235 fides
846 2212 912 2235 om.
933 2206 958 2235 P
981 2215 1022 2234 m.
1040 2214 1109 2246 pr..
1139 2203 1235 2236 intra
1263 2212 1385 2235 versus
1405 2201 1489 2234 add.

137 2259 226 2283 corr.
302 2252 344 2283 23
366 2249 453 2295 sibi]
475 2249 698 2293 1;»1Ρ1)ι.])ν.,
721 2249 751 2283 si
766 2251 866 2284 intra
889 2260 1007 2283 versus·
1025 2250 1109 2283 add.
1125 2260 1214 2283 corr.
1297 2251 1339 2282 25
1361 2248 1490 2291 quam]

137 2307 211 2330 non
237 2300 275 2329 V.
381 2296 467 2330 Sero
495 2309 531 2330 se
554 2297 674 2341 perire
695 2300 736 2330 P:
765 2306 802 2330 50
828 2297 948 2340 perire
971 2307 1050 2330 sero
1079 2300 1100 2329 C
1126 2296 1180 2341 [se
1202 2295 1322 2339 perire
1349 2306 1414 2329 (me.
1437 2295 1488 2339 L]

139 2346 182 2376 26
211 2355 289 2378 sese
315 2345 459 2387 scripsi:
487 2356 565 2378 esse
593 2348 632 2378 A.
738 2344 950 2388 desperata]
979 2343 1171 2387 desperate
1197 2347 1235 2377 V.
