1610 2522
63 750 94 774 10

62 1047 93 1072 15

62 1345 94 1369 ‘20

70 1450 93 1483 (3

62 1643 93 1667 25

358 90 692 124 HisroniARUM
722 89 1002 124 ALEXANDRI
1030 90 1125 132 vin,
1154 95 1183 124 1.
1206 94 1237 124 6)
1385 91 1467 131 257

117 201 269 254 migeri
303 198 460 240 Clitum
497 199 633 240 adhuc
667 199 810 241 eadem
844 200 1015 253 linguae
1047 199 1375 252 intemperantia
1408 200 1469 240 t'u—

116 262 279 300 rentem
312 262 528 313 percutere
562 262 738 300 conatus
771 274 795 299 a
821 258 1069 299 Ptolomaeo
1104 261 1145 300 et
1177 258 1378 300 Perdicca
1410 259 1470 299 in-

115 319 297 359 hibetur.
361 318 548 359 Medium
586 320 781 372 conplexi
814 321 855 359 et
888 318 1097 359 obluctari
1130 321 1469 372 perseverantem
1497 331 1539 360 46

115 377 409 425 morabantur,
441 378 720 432 Lysimachus
760 381 800 419 et
832 377 1074 418 Leonnatus
1113 377 1241 418 etiam
1280 378 1469 418 lanceam

116 438 395 478 abstulerant:
447 439 518 478 ille
551 437 735 478 militum
770 437 895 478 fidem
930 438 1148 491 inplorans
1182 436 1468 490 conprehendi
1497 450 1538 479 47

115 511 158 537 se
191 512 215 537 a
246 498 452 551 proximis
485 497 728 548 amicorum,
762 496 874 550 quod
899 496 1036 538 Dareo
1069 511 1204 550 nuper
1237 497 1469 550 accidisset,

115 557 323 597 exclamat
366 557 619 611 signumque
666 556 767 596 tuba
811 556 916 609 dari,
962 560 1008 597 ut
1040 556 1090 597 ad
1123 557 1282 610 regiam
1318 557 1468 597 armati

115 616 293 669 coirent,
338 616 466 656 iubet.
546 615 655 656 Tum
701 630 798 657 vero
845 615 1118 657 Ptolomaeus
1162 618 1204 656 et
1246 615 1468 656 Perdiccas
1496 630 1539 659 4⁸

115 675 294 730 genibus
327 675 518 716 advoluti
552 678 686 727 orant,
718 690 770 715 116
804 675 845 716 in
876 678 962 716 tam
990 675 1215 729 praecipiti
1243 675 1305 716 ira
1332 689 1469 729 perse-

115 737 230 775 veret
263 735 534 789 spatiumque
566 735 710 788 potius
743 734 885 775 animo
916 734 1001 775 det:
1036 735 1177 775 omnia
1205 737 1375 788 postero
1403 735 1469 775 die

117 795 268 835 iustius
313 797 599 835 executurum.
664 793 745 835 Sed
792 794 956 835 clausae
996 798 1115 835 eraut
1153 809 1274 835 aures
1308 794 1469 835 obstre—
1496 809 1538 838 411

114 857 240 908 pente
285 854 364 894 ira:
409 854 551 907 itaque
590 854 786 907 inpotens
825 853 956 894 animi
995 854 1208 907 procurrit
1245 854 1289 894 111
1327 854 1468 909 regiae

115 913 374 954 vestibulum
407 916 449 953 et
479 912 601 968 vigili
635 913 861 954 excubanti
889 913 1011 954 hasta
1037 913 1178 954 ablata
1205 914 1400 955 constitit
1424 914 1468 955 in

115 973 244 1025 aditu,
265 987 348 1026 quo
369 987 539 1014 11666666
562 975 651 1012 erat
674 972 752 1025 his,
780 972 853 1026 qui
874 972 1001 1013 simul
1022 976 1286 1027 cenaverant,
1313 972 1467 1028 egredi.

115 1031 322 1073 Abierant
349 1031 489 1086 ceteri,
517 1032 654 1073 Clitus
681 1033 857 1072 ultimus
885 1033 974 1073 sine
1000 1031 1161 1073 lumine
1187 1033 1345 1073 exibat:
1373 1047 1467 1073 cum
1496 1047 1538 1076 50

114 1106 199 1145 rex,
227 1091 423 1145 quisnam
450 1094 571 1144 esset,
598 1092 843 1146 interrogat.
887 1091 1115 1133 Eminebat
1142 1092 1269 1133 etiam
1296 1092 1341 1132 in
1366 1106 1468 1133 voce

115 1150 297 1205 sceleriS,
331 1151 445 1205 quod
471 1151 659 1205 parabat,
689 1151 901 1193 atrocitas.
952 1151 1010 1191 Et
1036 1151 1107 1192 ille
1134 1152 1217 1192 iam
1244 1166 1330 1192 non
1357 1166 1468 1205 suae,
1495 1166 1533 1195 51

115 1211 186 1251 sed
218 1211 330 1265 regis
362 1211 447 1251 irae
480 1225 643 1251 memor
665 1210 823 1252 Clitum
857 1225 946 1252 esse
974 1213 1014 1251 et
1048 1211 1097 1251 de
1130 1211 1326 1252 convivio
1355 1211 1468 1252 exire

114 1270 343 1324 respondit.
395 1269 511 1310 Haec
544 1270 724 1311 dicentis
755 1270 867 1311 latus
900 1270 1021 1310 hasta
1048 1270 1262 1311 transfixit
1288 1271 1467 1312 morien-
1496 1285 1538 1314 56)

114 1330 254 1383 tisque
280 1330 485 1383 sanguine
512 1329 754 1383 adspersus:
789 1327 822 1369 ‘I
849 1330 986 1381 116116,’
1022 1330 1172 1383 inquit,
1209 1329 1276 1370 ‘ad
1308 1329 1468 1384 Philip-

115 1404 214 1442 pum
249 1392 289 1430 et
323 1388 643 1430 Parmenionem
680 1392 722 1429 et
754 1388 975 1430 Attalum?

202 1447 313 1489 Male
346 1448 542 1489 humanis
575 1448 758 1496 moeniis
791 1453 942 1489 natura
975 1449 1199 1501 consuluit,
1236 1449 1349 1502 quod
1382 1450 1466 1503 ple-
1486 1456 1517 1489 H

114 1522 290 1561 rumque
318 1522 404 1548 non
430 1508 586 1561 futura,
613 1492 685 1548 sed
712 1510 926 1550 transacta
952 1508 1264 1561 perpendimus.
1302 1507 1467 1563 Quippe

115 1582 204 1620 rex,
248 1570 476 1621 postquam
523 1567 584 1607 ira
623 1570 762 1608 mente
801 1567 1051 1610 decesserat
1097 1568 1224 1608 etiam
1265 1568 1467 1609 ebrietate

116 1626 304 1667 discussa
336 1626 672 1677 maonitudinem
704 1627 906 1667 facinoris
939 1642 1031 1667 ser-i
1059 1627 1352 1668 aestimatione
1378 1642 1467 1682 per-

114 1686 263 1740 spexit.
328 1680 511 1727 Videbat
544 1688 646 1726 tunc
679 1686 889 1727 inmodice
921 1686 1118 1727 libertate
1150 1686 1349 1738 abusum,
1396 1687 1513 1729 66(16)

114 1745 274 1799 alioqui
301 1745 520 1800 egregium
547 1745 658 1786 bello
686 1746 823 1786 virum
851 1748 902 1798 et,
929 1746 1012 1786 nisi
1039 1746 1306 1787 erubesceret
1332 1746 1467 1799 fateri,

211 1878 226 1907 1
257 1872 409 1919 Clitum]
438 1873 578 1917 clytum
599 1878 620 1907 C
648 1874 816 1919 [clssitum
837 1875 889 1919 Ll·
974 1879 993 1907 2
1021 1875 1230 1919 percutere]
1257 1876 1466 1919 percuttere

114 1925 138 1954 P
158 1933 203 1955 m.
219 1933 276 1965 pr.
365 1933 386 1954 a
412 1921 625 1955 Ptolomaeo
652 1923 798 1965 scripsi:
827 1933 847 1954 a
867 1921 1053 1965 ptolomeo
1076 1926 1108 1964 c
1137 1925 1175 1955 at
1195 1922 1409 1966 ptholomeo
1430 1926 1465 1956 P.

115 1973 134 2002 5
162 1968 413 2012 conprehendi
442 1969 495 2014 se]
526 1969 834 2012 conprehendisse
864 1973 889 2002 F
920 1981 962 2003 m.
988 1982 1046 2013 Jna
1074 1973 1145 2002 LP
1262 1973 1281 2003 S
1310 1970 1465 2015 coirent]

115 2016 278 2050 coierent
297 2020 333 2057 P,
361 2016 526 2050 coi*rent
546 2019 585 2050 V.
659 2016 894 2051 Ptolomaeus
914 2028 970 2051 ,661
974 2029 1058 2061 opst
1086 2017 1295 2071 ptolomeus
1317 2021 1338 2050 C
1358 2017 1466 2061 ptho-

114 2062 278 2097 lomaeus
293 2067 328 2097 P.
397 2070 416 2097 ἱ)
439 2063 508 2097 ads
514 2063 623 2108 oluti]
638 2063 989 2098 aduoluti*P10
1012 2065 1263 2110 spatiumque]
1281 2065 1466 2109 spacium-

115 2122 184 2154 que
201 2115 226 2143 L
245 2123 290 2145 m.
307 2123 364 2155 pr.
387 2115 425 2144 V
503 2116 542 2145 11
566 2111 802 2155 obstrepente
818 2115 849 2145 1:
873 2092 1127 2156 obstrepentes
1143 2116 1181 2145 A
1259 2117 1302 2146 14
1323 2112 1465 2157 egredi]

115 2158 264 2201 exgredi
284 2162 312 2191 V
335 2171 377 2192 m.
394 2170 451 2202 pr.
541 2163 583 2192 15
611 2158 727 2193 Clitus
747 2162 779 2192 1:
808 2159 983 2202 clytusA
988 2187 994 2193 .
1078 2171 1161 2193 66111
1181 2161 1325 2204 scripsi:
1354 2171 1466 2204 quam

115 2208 140 2238 13
161 2217 204 2239 m.
220 2217 279 2249 pr.
301 2209 359 2238 ΕΙ(
383 2218 424 2240 m.
440 2218 499 2249 pr.
521 2209 546 2238 P
569 2218 610 2240 m.
626 2218 685 2250 pr.
708 2210 736 2239 V
759 2218 800 2239 m.
820 2218 875 2250 pr.
954 2210 994 2240 16
1017 2206 1230 2252 Eminebat]
1252 2207 1466 2241 eminebant

115 2256 139 2285 P
162 2264 204 2286 m.
221 2264 279 2296 pr.
368 2257 409 2287 18
431 2252 568 2287 Clitum
587 2257 620 2286 I:
643 2253 783 2297 clytum
804 2257 842 2286 A.
932 2260 974 2287 20
1001 2254 1016 2287 Ι
1037 2255 1149 2299 nunc]
1171 2266 1268 2288 nunc
1288 2259 1324 2289 P.
1411 2255 1466 2288 in-

116 2300 212 2344 quit]
233 2300 364 2342 inquid
378 2304 403 2333 1,
417 2313 461 2334 m.
472 2312 530 2343 pr.
546 2304 584 2334 V.
661 2305 702 2334 ‘21
725 2301 1024 2346 Parmenionem]
1040 2302 1342 2345 pai-moenionem
1357 2306 1393 2336 P.

116 2347 299 2392 Attalum]
327 2347 495 2381 adtalum
521 2352 556 2382 L.
655 2352 698 2381 215
726 2348 909 2382 inmodice
935 2350 1080 2392 scripsi:
1109 2349 1295 2383 inmodica
1321 2353 1360 2382 A.

187 2414 324 2437 (Jcn'nrs
345 2413 450 2437 Rom-s
473 2413 517 2437 ed.
538 2414 717 2438 Hedicke.
757 2415 811 2439 Ed.
834 2415 936 2438 maior.
1208 2414 1249 2444 17
