1610 2522
335 81 658 116 Hls'roRLARUM
693 79 971 114 ALExANnffl
998 79 1055 121 m,
1084 82 1113 112 6.
1144 81 1173 112 7.
1279 98 1284 109 r
1376 78 1424 118 19

78 208 273 247 rumque,
312 192 484 233 militari
519 191 707 247 gratiora
740 191 868 244 vulgo
905 192 1020 238 sunt,
1059 188 1305 228 exercitatio
1339 201 1425 228 cor-

79 253 193 306 poris
227 253 336 293 inter
368 252 501 305 ipsos,
539 250 677 292 cultus
710 249 965 302 habitusque
998 249 1171 302 paulum
1204 264 1227 288 a
1260 247 1425 301 privato

79 312 322 365 abhorrens,
348 312 544 352 militaris
571 310 710 366 vigor:
744 310 838 363 quis
872 308 942 349 ille
976 307 1041 348 vel
1068 308 1228 362 ingenii
1256 307 1426 348 dotibus

80 372 144 412 vel
171 371 299 412 animi
326 371 501 421 artibus,
534 373 582 411 ut
607 370 765 424 pariter
791 383 911 410 carus
944 382 991 408 ac
1018 366 1279 408 venerandus
1306 369 1427 418 esset,

44 448 59 473 5
81 432 285 473 effecerat.

10 494 56 528 17
169 490 228 531 At
247 490 409 531 Dareus
437 490 586 530 nuntio
616 489 665 530 de
690 488 863 529 adversa
886 486 1117 528 valitudine
1145 486 1232 526 eius
1254 487 1427 538 accepto

79 550 309 602 celeritate,
350 551 553 602 quantam
594 562 740 602 capere
780 550 864 588 tam
907 561 1033 601 grave
1066 560 1216 601 agmen
1250 548 1429 599 poterat,

80 609 132 650 ad
158 609 409 663 Euphraten
435 608 653 649 contendit
680 607 908 661 iunctoque
936 620 983 646 eo
1010 605 1213 659 pontibus
1242 606 1429 657 quinque

81 673 223 710 tamen
243 669 390 709 diebus
417 668 584 709 traiecit
609 666 841 708 exercitum
863 664 1056 708 Ciliciam
1084 679 1289 718 occupare
1315 664 1428 704 festi-

29 746 62 770 10
84 743 198 769 nans.
250 727 337 769 Iam
360 727 599 769 Alexander
619 726 781 767 viribus
797 726 985 779 corporis
1006 724 1188 778 receptis
1209 724 1261 764 ad
1282 723 1428 764 urbem

82 787 204 829 Solos
232 791 494 842 pervenerat:
529 786 646 828 cuius
674 786 836 839 potitus
858 784 1048 826 ducentis
1074 784 1245 825 talentis
1272 783 1431 824 multae

81 848 250 889 nomine
277 847 434 889 exactis
462 848 547 888 arci
574 845 831 901 praesidium
852 844 1038 885 militum
1059 843 1260 897 inposuit.
1317 841 1429 883 Vota

82 907 230 948 deinde
274 921 350 961 pro
396 907 529 947 salute
571 908 769 959 suscepta
816 918 891 959 per
932 904 1081 945 ludum
1125 906 1252 956 atque
1296 903 1429 943 otium

82 966 259 1008 reddens
308 965 509 1019 ostendit,
554 968 712 1019 quanta
752 964 907 1004 fiducia
953 963 1156 1004 barbaros
1199 965 1430 1016 sperneret:

30 1042 60 1066 15
82 1027 237 1080 quippe
263 1025 518 1080 Aesculapio
547 1028 588 1066 et
618 1024 831 1065 Minervae
858 1023 981 1064 ludos
1009 1022 1246 1063 celebravit.
1305 1020 1429 1075 Spec-

82 1086 190 1127 tanti
224 1087 399 1127 nuntius
441 1086 578 1125 laetus
617 1084 805 1125 adfertur
844 1082 1121 1123 Halicarnaso
1154 1081 1305 1122 Persas
1344 1080 1431 1122 acie

82 1160 105 1186 a
138 1146 224 1186 suis
258 1160 348 1186 esse
382 1147 618 1199 superatos,
658 1143 855 1198 Myndios
888 1156 1057 1196 quoque
1096 1145 1137 1182 et
1170 1140 1353 1182 Caunios
1393 1143 1434 1180 et

82 1205 283 1260 pleraque
314 1207 477 1246 tractus
510 1204 599 1245 eius
633 1217 731 1244 suae
764 1202 875 1242 facta
903 1201 1092 1243 dicionis.
1154 1199 1292 1255 Igitur
1319 1200 1432 1241 edito
1464 1213 1475 1220 ⁷

85 1264 324 1319 spectaculo
366 1263 528 1305 ludicro
571 1264 804 1316 castrisque
843 1262 971 1302 motis
1010 1264 1051 1302 et
1089 1260 1271 1315 Pyramo
1311 1274 1433 1300 amne

31 1340 63 1364 20
83 1327 212 1378 ponte
244 1325 387 1364 iuncto
427 1323 479 1364 ad
516 1323 663 1364 urbem
696 1321 873 1362 Mallum
912 1321 1122 1375 pervenit,
1160 1319 1257 1360 inde
1290 1319 1433 1360 alteris

86 1384 235 1424 castris
277 1384 329 1424 ad
371 1383 575 1437 oppidum
615 1381 895 1423 Castabalum.
965 1379 1030 1420 Ibi
1074 1379 1297 1420 Parmenio
1344 1379 1433 1433 regi

85 1444 284 1484 occurrit:
326 1443 602 1496 praemiserat
641 1441 692 1482 ad
725 1439 1031 1495 explorandum
1064 1440 1146 1480 iter
1177 1439 1328 1492 saltus,
1361 1453 1435 1492 per

85 1517 210 1557 quem
243 1503 296 1543 ad
327 1503 475 1543 urbem
507 1500 630 1542 Isson
662 1501 832 1542 nomine
858 1499 1165 1553 penetrandum
1198 1501 1297 1539 erat.
1362 1497 1434 1538 At-

86 1577 165 1615 que
198 1562 269 1603 ille
302 1561 509 1616 angustiis
550 1560 638 1601 eius
680 1559 897 1614 occupatis
939 1562 980 1599 et
1021 1558 1234 1614 praesidio
1267 1557 1434 1598 modico

12 1622 64 1679 {²25
86 1622 235 1663 relicto
261 1620 384 1662 Isson
406 1635 574 1674 quoque
597 1620 804 1661 desertam
831 1634 855 1660 a
880 1618 1070 1659 barbaris
1092 1620 1270 1671 ceperat.
1332 1615 1434 1657 lnde

85 1695 336 1736 progressus
379 1680 630 1733 deturbatis,
672 1680 744 1733 qui
781 1679 985 1720 interiora
1021 1678 1233 1719 montium
1274 1676 1434 1717 obside-

86 1740 205 1793 bant,
256 1740 475 1794 praesidiis
518 1742 669 1780 cuncta
709 1739 896 1780 firmavit
940 1739 1232 1791 occupatoque
1274 1736 1435 1789 itinere.

87 1800 195 1840 sicut
222 1801 348 1853 paulo
383 1803 479 1840 ante
507 1799 666 1839 dictum
694 1801 769 1851 est,
801 1798 912 1839 idem
946 1800 987 1838 et
1013 1800 1161 1838 auctor
1193 1798 1235 1836 et
1260 1797 1434 1836 nuntius

88 1859 212 1900 venit.
275 1858 397 1901 Isson
431 1858 579 1899 deinde
611 1873 684 1899 rex
711 1858 853 1911 copias
880 1857 1079 1898 admovit.
1142 1855 1229 1897 Ubi
1256 1855 1434 1897 consilio

35 1936 68 1960 30
88 1918 253 1973 habito,
302 1921 500 1959 utrumne
547 1919 660 1959 ultra
703 1916 1058 1972 progrediendum
1101 1914 1229 1967 foret,
1279 1930 1332 1955 an
1376 1914 1435 1955 ibi

187 2017 203 2045 1
231 2011 387 2046 militari
406 2015 431 2044 P
461 2024 502 2045 m.
518 2023 589 2055 pr:
617 2010 655 2044 in
680 2021 719 2045 re
745 2010 899 2044 militari
921 2014 952 2044 C.
1040 2013 1059 2042 3
1088 2008 1303 2053 abhorrens]
1331 2007 1436 2041 abor-

89 2071 171 2094 rens
192 2063 227 2093 P.
326 2064 346 2093 4
372 2059 601 2093 venerandus
623 2059 763 2093 Lctzcer:
791 2057 1017 2093 verecundus
1038 2060 1076 2089 A.
1176 2061 1195 2090 S
1222 2055 1437 2100 Euphraten

89 2108 402 2153 Snulcen-buryius:
431 2106 599 2140 eufraten
625 2109 663 2140 A.
740 2110 758 2139 9
786 2105 982 2150 occupare]
1010 2114 1169 2148 ocupare
1189 2107 1228 2138 V.
1305 2107 1345 2136 11
1375 2102 1437 2137 So-

88 2155 159 2200 los]
187 2154 285 2189 solus
311 2159 336 2188 P
361 2167 406 2189 m.
430 2166 489 2198 pr.
517 2157 561 2196 V,
596 2153 692 2187 solas
718 2157 753 2187 L.
879 2158 920 2187 15
947 2151 1186 2196 Aesculapio]
1219 2150 1385 2195 sculapio
1412 2153 1437 2182 B

90 2215 132 2236 m.
153 2214 207 2246 pr.
308 2207 348 2236 16
376 2202 620 2235 Halicarnaso
646 2203 790 2246 scripsi:
819 2201 1025 2234 alicarnaso
1052 2203 1090 2232 A.
1193 2202 1234 2232 19
1262 2198 1436 2242 Pyramo]

89 2250 231 2293 piramo
246 2254 280 2283 P.
356 2253 397 2283 ⁴21
416 2248 654 2283 Castabalum
668 2250 890 2284 Frobem‘us:
907 2246 1139 2282 castabulum
1154 2249 1192 2279 A.
1269 2250 1311 2279 25
1333 2256 1438 2288 cepe-

90 2298 161 2342 rat]
189 2300 361 2341 coeperat
381 2301 416 2331 P.
515 2301 558 2329 29
587 2295 740 2330 consilio
761 2308 826 2331 om.
848 2300 873 2329 B
897 2309 938 2330 m.
959 2308 1013 2339 pr.
1038 2299 1062 2327 L
1088 2307 1129 2328 m.
1145 2306 1203 2338 pr.
1305 2297 1347 2326 30
1374 2293 1438 2325 ha-

91 2344 184 2389 bito]
212 2345 313 2379 abito
340 2349 374 2378 L.
474 2345 660 2389 utrumne]
688 2345 729 2378 ut
755 2344 843 2377 nim
864 2348 899 2377 P.

1182 2401 1225 2423 0ss

1183 2426 1200 2434 -ι

1454 318 1497 347 20

1453 490 1514 524 VH

1458 737 1475 765 N,

1458 1033 1479 1064 4

1461 1221 1480 1242 υ

1462 1391 1480 1419 fi

1464 1511 1481 1521 ,-

1468 1523 1475 1540 4
