1610 2522
68 769 101 793 10

69 1066 101 1090 15

67 1362 101 1388 20

69 1658 102 1684 25

412 105 744 140 HISTORIARUM
771 104 1055 139 ALEXANDRI
1080 105 1123 147 V,
1151 110 1181 139 4.
1397 105 1477 145 12ἓῖ

121 218 281 256 terrore
325 215 526 256 retineret
571 214 622 255 ad
666 214 843 268 propius
895 213 1130 268 periculum
1173 228 1477 255 conversurum

121 288 293 329 agmen:
321 274 386 315 sin
414 277 553 315 autem
583 274 673 328 ipse
690 273 857 315 hostem
879 274 1102 315 fefellisset
1116 276 1157 314 et
1178 274 1335 314 saltum
1358 287 1479 314 occu-

122 336 278 387 passet,
312 348 406 375 cum
439 333 745 387 trepidantium
778 333 1053 374 barbarorum
1088 333 1321 374 tumultum
1355 346 1479 373 exau-

122 393 264 446 disset,
295 408 552 447 persequens
580 396 669 434 tum
698 407 840 448 regem
868 393 910 433 id
936 392 1076 446 ipsum
1106 393 1197 446 iter,
1231 406 1314 446 quo
1342 391 1478 445 pridie

123 452 235 506 pulsi
266 452 448 506 fuerant,
474 467 525 493 ne
552 452 766 493 dubitaret
792 452 975 508 ingredi:
1003 452 1161 506 quippe
1181 466 1360 492 vacuum
1388 451 1479 492 fore

124 511 323 553 hostibus
356 513 399 553 in
444 515 577 553 semet
615 512 785 553 aversis.
847 510 944 566 lpse
987 512 1114 552 tertia
1146 511 1296 566 vigilia
1334 510 1479 551 silenti

121 571 289 626 agmine
330 586 377 612 ac
416 586 467 612 ne
508 572 610 612 tuba
643 572 813 625 quidem
857 572 955 612 dato
998 571 1121 626 signo
1154 571 1295 626 pergit
1328 570 1380 611 ad
1413 570 1479 610 de—

122 633 406 672 monstratum
441 632 520 671 iter
552 630 746 672 callium:
786 631 917 672 tridui
959 630 1160 671 alimenta
1199 632 1371 684 portare
1404 629 1480 670 mi-

121 689 238 731 litem
251 691 432 731 iusserat
449 690 599 731 leviter
614 694 835 731 armatum.
861 690 942 731 Sed
957 693 1124 744 praeter
1138 691 1275 730 invias
1289 703 1417 743 rupes
1431 703 1478 729 ac

121 752 348 804 praerupta
375 765 475 790 saxa
501 750 731 805 vestigium
758 750 937 791 subinde
957 749 1150 790 fallentia
1169 750 1243 790 nix
1266 749 1479 789 cumulata

121 811 247 850 vento
287 809 567 865 ingredientis
608 808 841 865 fatigabat:
884 809 1042 863 quippe
1086 809 1204 850 velut
1248 808 1293 849 in
1334 808 1479 849 foveas

121 867 250 909 delati
281 868 591 910 hauriebantur
623 872 685 922 et,
727 884 823 910 cum
856 883 880 909 a
912 868 1281 911 commilitonibus
1314 867 1479 908 adleva-

122 930 279 981 rentur,
318 928 547 969 trahebant
579 929 715 983 magis
747 928 998 969 adiuvantes
1026 942 1153 982 quam
1181 927 1478 981 sequebantur.

122 986 219 1028 Nox
258 1001 427 1041 quoque
472 991 513 1029 et
551 988 699 1043 ignota
739 989 858 1043 regio
898 1002 945 1029 ac
987 987 1072 1028 dux
1099 988 1392 1028 —incertum
1425 1001 1479 1026 an

123 1046 226 1086 satis
268 1047 378 1087 fidus
411 1072 467 1076 —
500 1047 846 1102 multiplicabant
884 1050 1066 1088 metum:
1110 1047 1145 1088 si
1185 1046 1381 1087 custodes
1423 1046 1476 1086 fe?

121 1105 313 1159 feHisset,
346 1108 467 1160 quasi
493 1107 604 1148 feras
625 1107 784 1148 bestias
810 1106 928 1161 ipsos
954 1121 1080 1161 posse
1108 1106 1376 1160 deprehendi.
1413 1105 1479 1146 Ex

120 1165 246 1206 unius
281 1166 438 1220 captivi
465 1165 532 1207 vel
563 1167 645 1207 fide
678 1167 746 1207 vel
778 1167 918 1208 anima
951 1166 1133 1220 pendere
1160 1169 1203 1207 et
1227 1165 1340 1220 regis
1374 1164 1483 1206 salu-

121 1227 207 1265 tem
241 1227 282 1266 et
309 1240 439 1266 suam.
491 1225 679 1267 Tandem
707 1240 856 1267 venere
884 1226 924 1267 in
954 1226 1114 1281 iugum.
1160 1225 1199 1266 A
1226 1225 1374 1265 dextra
1401 1224 1481 1265 iter
1509 1238 1527 1265 2

121 1284 173 1324 ad
205 1284 345 1338 ipsum
380 1284 698 1326 Ariobarzanen
730 1288 840 1326 erat:
882 1285 951 1326 hic
983 1285 1199 1326 Philotam
1234 1288 1276 1325 et
1309 1284 1480 1325 Coenon

122 1357 217 1384 cum
250 1343 439 1398 Amynta
467 1347 509 1385 et
534 1344 848 1399 Polyperconte
881 1345 1124 1398 expeditam
1156 1344 1362 1386 habentes
1396 1358 1480 1383 nia—

120 1417 223 1443 num
257 1403 479 1458 relinquit,
520 1405 725 1457 monitos,
760 1407 808 1446 ut
820 1439 829 1459 ⁷
869 1405 968 1458 quia
1001 1407 1043 1445 et
1074 1418 1203 1457 eques
1235 1403 1369 1458 pediti
1402 1403 1483 1444 iret

121 1462 279 1503 mixtus
319 1466 360 1504 et
393 1478 520 1517 quam
559 1464 890 1519 pinguissimum
929 1466 1039 1504 esset
1079 1464 1216 1504 solum
1256 1466 1296 1504 et
1331 1462 1480 1517 pabuli

122 1521 276 1576 fertile,
327 1523 485 1563 sensim
537 1523 834 1577 procederent:
885 1523 1011 1564 duces
1056 1526 1176 1564 erant
1222 1522 1388 1563 itineris
1431 1522 1481 1562 de

123 1581 303 1634 captivis
337 1582 435 1623 dati.
479 1581 578 1635 Ipse
612 1597 708 1624 cum
741 1583 965 1638 armigeris
993 1585 1034 1623 et
1067 1582 1145 1636 313,
1172 1597 1299 1636 quam
1333 1596 1481 1637 agema

123 1640 414 1695 appellabant7
453 1642 583 1682 ardua
622 1643 790 1695 semita,
837 1642 909 1682 sed
950 1642 1119 1698 longius
1161 1657 1185 1682 a
1224 1641 1481 1682 stationibus

122 1699 313 1741 hostium
338 1704 502 1742 remota
528 1701 664 1742 multa
690 1716 785 1743 cum
812 1701 1037 1743 vexatione
1063 1701 1282 1755 processit.
1315 1701 1481 1742 Medius

123 1761 213 1799 erat
253 1759 341 1800 dies
375 1763 415 1801 et
454 1760 646 1816 fatigatis
684 1762 920 1802 necessaria
961 1762 1079 1815 quies
1113 1787 1169 1789 —
1202 1761 1359 1815 quippe
1394 1763 1481 1801 tan-

122 1818 299 1860 tundem
331 1819 497 1860 itineris
531 1823 768 1875 supererat,
808 1823 1015 1874 quantum
1049 1821 1209 1862 emensi
1243 1823 1374 1873 erant,
1409 1821 1481 1861 sed

223 1940 238 1968 1
266 1936 435 1982 propius]
463 1936 633 1981 proprius
659 1941 698 1971 V.
780 1938 1058 1982 conversurum]
1087 1948 1305 1971 conuersum
1332 1940 1368 1980 B,
1397 1949 1482 1972 con-

126 1994 321 2016 uersnum
342 1988 377 2018 P.
453 1989 473 2018 4
505 1995 728 2029 persequens
756 1986 835 2019 tum
857 1986 1018 2029 Ieepz'us:
1046 1985 1349 2028 persequentium
1370 1989 1408 2019 A.

125 2030 180 2075 id]
208 2030 237 2063 it
263 2034 302 2064 V.
397 2035 414 2064 Τ
444 2032 754 2078 demonstratum]
782 2033 1104 2067 demonstrantum
1132 2036 1203 2067 LV.
1295 2038 1334 2067 11
1362 2033 1480 2078 velut]

125 2077 239 2111 uelud
265 2082 300 2111 P.
390 2084 433 2112 14
461 2080 518 2124 ac]
547 2080 592 2113 ad
613 2083 639 2112 P
659 2092 777 2124 mapr.
875 2085 916 2114 15
944 2079 1140 2114 fefellisset
1167 2081 1342 2115 Sebz'sizts:
1376 2080 1481 2114 fefel-

126 2124 257 2159 lissent
283 2129 321 2159 A.
422 2131 463 2160 17
492 2127 615 2160 anima
641 2131 666 2160 Ρ
687 2139 728 2161 m.
744 2140 821 2171 pta:
850 2127 972 2161 animo
1001 2132 1032 2160 C.
1140 2131 1182 2162 18
1209 2128 1294 2173 iter]
1321 2128 1420 2162 hiter
1442 2133 1481 2162 V.

129 2175 170 2205 19
188 2173 476 2220 Ariobarzanen]
489 2174 753 2209 oriobarzanen
763 2179 788 2208 P
800 2188 844 2209 m.
854 2187 913 2219 pr.
979 2180 1021 2209 20
1033 2176 1213 2220 Amynta]
1226 2176 1368 2209 aminta
1378 2180 1409 2209 G.

128 2219 412 2266 Polyperconte]
439 2221 693 2265 poliperconte
715 2227 748 2256 c.
824 2226 865 2256 21
895 2222 983 2266 quia
1004 2224 1040 2256 et
1067 2219 1206 2269 eques]
1224 2224 1371 2267 quietus
1400 2235 1437 2257 es
1458 2228 1482 2257 P

129 2279 172 2300 m.
194 2279 252 2310 pr.
352 2268 422 2302 iret
449 2271 608 2312 Ieepius:
643 2272 722 2303 erat
748 2273 786 2303 A.
887 2274 930 2303 22
959 2272 994 2303 et
1022 2271 1148 2315 quam]
1177 2282 1289 2314 quam
1315 2275 1341 2304 F
1361 2283 1405 2305 m.
1424 2283 1481 2315 pr.

129 2318 154 2346 L
177 2326 218 2349 m.
236 2327 293 2364 pr.
315 2319 340 2348 P
357 2328 397 2349 m.
414 2329 473 2361 pr.
488 2320 527 2351 V.
595 2321 637 2351 25
660 2317 920 2363 appellabant]
942 2317 1160 2361 appellabat
1174 2322 1213 2352 V.
1278 2322 1321 2352 ⁴28
1343 2320 1481 2353 emensi

130 2363 250 2407 erant]
278 2367 509 2398 emenserant
536 2368 572 2404 F,
600 2364 798 2398 emiserant
824 2369 849 2397 P
871 2377 914 2398 m.
934 2377 989 2408 pr.

1510 285 1549 313 lo·

1510 522 1549 551 17

1509 998 1550 1027 19
