1610 2522
412 118 744 154 fflSToRIAnUM
773 117 1055 152 ALEXANDRI
1083 117 1126 159 1,
1394 116 1472 156 127

120 228 336 270 deliberat.
398 227 493 270 Nisi
528 231 677 268 mutuo
712 227 853 268 miseri
887 240 1091 274 essemus,
1126 227 1227 267 olim
1263 224 1369 265 alius
1403 223 1475 264 alii

118 288 407 343 potuissemus
449 302 538 328 esse
575 287 766 328 fastidio:
806 286 907 340 quid
952 285 1107 326 mirum
1147 288 1189 326 et
1232 285 1474 325 fortunatos

118 363 283 402 semper
314 362 457 401 parem
498 350 727 400 quaerere?
791 345 977 386 Obsecro
1011 359 1106 398 vos,
1147 344 1248 386 olim
1290 343 1377 384 vita
1410 343 1477 383 ‹le-
1529 355 1545 381 ε·

118 407 254 448 functi
276 421 528 461 quaeramus
549 407 703 451 locum,
736 406 778 446 in
808 420 891 458 quo
924 404 1029 446 haec
1050 419 1211 445 semesa
1233 403 1474 444 obruamus.

82 493 97 509 1
120 465 238 507 Grati
272 480 445 520 prorsus
479 465 745 520 coniugibus,
779 479 882 518 quas
905 464 1076 505 iuvenes
1098 463 1308 515 duximus,
1341 476 1476 502 rever-

64 784 95 806 10

62 1078 93 1103 15

45 1124 92 1157 lo

118 528 279 567 texnur!
347 525 485 567 Liberi
526 526 569 566 in
602 525 704 565 flore
738 527 779 565 et
812 524 963 565 aetatis
996 526 1038 564 et
1069 538 1207 564 rerum
1243 523 1477 577 agnoscent

116 589 260 641 patres
299 585 502 640 ergastuli
542 584 811 625 detrimenta!
856 583 913 624 Et
948 585 1079 637 quota
1111 597 1208 636 pars
1241 582 1376 622 nostri
1411 583 1475 621 tot

117 645 234 686 obire
266 648 399 686 terras
432 644 602 698 potest?
654 643 808 684 Procul
834 642 1008 696 Europa
1039 644 1082 683 111
1115 643 1266 683 ultima
1288 639 1475 681 Orientis

115 704 305 759 relegati,
338 718 458 744 senes
493 703 667 755 debiles,
700 704 859 744 maiore
892 701 1180 742 membrorum
1215 703 1336 755 parte
1369 700 1475 740 mul-

116 764 198 805 cati
232 764 508 805 tolerabimus
542 762 720 814 scilicet,
754 777 861 816 quae
888 764 1072 802 armatos
1100 764 1141 802 et
1169 761 1350 801 victores
1381 759 1476 800 fati-

116 824 290 878 garunt!
343 822 556 877 Coniuges
583 822 745 874 deinde,
779 835 884 876 quas
905 822 1041 875 captis
1063 821 1150 861 fors
1178 823 1217 860 et
1244 819 1473 860 necessitas

115 883 286 923 unicum
321 882 525 923 solacium
558 882 776 937 adplicuit,
809 895 1048 935 parvosque
1075 880 1232 921 liberos
1264 878 1474 919 trahimus

114 942 338 983 nobiscum
380 956 433 982 an
472 941 783 995 relinquimus?
847 939 951 980 Cum
995 939 1063 980 his
1095 940 1314 980 venientes
1349 952 1474 979 nemo

114 1016 344 1057 agnoscere
377 1003 511 1042 volet:
545 1001 834 1054 relinquemus
857 1013 957 1055 ergo
987 999 1201 1053 extemplo
1235 998 1475 1053 praesentia

114 1061 315 1116 pignora,
349 1075 444 1102 cum
478 1060 687 1102 incertum
722 1059 795 1112 sit,
828 1074 882 1100 an
916 1058 1046 1100 visuri
1081 1059 1212 1099 simus
1246 1058 1332 1112 issa,
1368 1072 1474 1111 quae

114 1120 330 1174 petimus?
399 1119 514 1161 Inter
552 1119 631 1161 1105
669 1119 888 1160 latendum
929 1121 1010 1168 est,
1062 1118 1135 1172 qui
1174 1132 1251 1158 nos
1297 1116 1475 1157 miseros

113 1195 238 1221 nosse
271 1180 529 1234 coeperunt.'
582 1178 699 1220 Haec
726 1178 975 1220 Euctemon.
1029 1176 1185 1218 Contra
1218 1176 1474 1218 Theaetetus

114 1238 388 1280 Atheniensis
430 1253 548 1280 orsus
589 1241 652 1279 est
693 1238 847 1279 dicere:
898 1236 1124 1279 Neminem
1163 1236 1284 1292 pium
1322 1235 1474 1276 habitu

115 1299 303 1352 corporis
337 1313 436 1340 suos
469 1298 804 1350 aestimaturum,
830 1297 978 1351 utique
999 1297 1175 1337 saevitia
1207 1296 1357 1348 hostis,
1389 1308 1476 1335 non

62 1376 75 1400 2
114 1362 267 1400 natura
300 1357 583 1400 calamitosos.
622 1357 813 1412 Dignum
847 1371 936 1398 esse
970 1357 1087 1397 omni
1119 1356 1244 1408 malo,
1278 1354 1350 1409 qui
1385 1369 1475 1395 eru-

115 1418 304 1459 besceret
350 1417 551 1458 fortuito:
596 1416 764 1458 tristem
808 1416 919 1457 enim
959 1416 1008 1456 de
1053 1415 1315 1456 mortalitate
1365 1414 1474 1454 ferre

116 1477 367 1518 sententiam
403 1480 444 1517 et
477 1477 697 1531 desperare
718 1475 1063 1529 misericordiam,
1097 1474 1196 1528 quia
1228 1475 1320 1529 ipse
1352 1474 1474 1514 alteri

117 1537 402 1591 denegaturus
441 1536 507 1576 sit.
581 1535 715 1588 Deos,
758 1534 871 1589 quod
917 1534 998 1589 ipsi
1043 1548 1279 1587 numquam
1327 1535 1474 1587 optare

116 1596 208 1637 ausi
241 1596 393 1639 forent.
424 1596 590 1636 offerre:
623 1594 817 1648 patriam,
850 1595 1064 1649 coniuges,
1083 1593 1242 1634 liberos
1270 1596 1322 1643 et,
1356 1591 1475 1646 quid-

63 1673 92 1697 e·
119 1655 223 1709 quid
254 1655 449 1696 homines
482 1656 549 1696 161
588 1655 674 1694 vita
713 1655 941 1694 aestimant
973 1654 1041 1694 161
1077 1656 1215 1694 morte
1248 1652 1472 1693 redimunt.

118 1714 230 1763 Quin
264 1714 325 1755 illi
359 1729 409 1755 ex
435 1713 517 1755 hoc
551 1728 715 1755 carcere
737 1713 1037 1768 erumperent‘.>
1070 1713 1201 1753 alium
1235 1711 1350 1753 domi
1384 1725 1473 1751 esse

118 1774 220 1814 caeli
260 1773 479 1826 haustum,
520 1773 648 1814 alium
686 1772 794 1813 lucis
839 1775 1071 1827 aspectum.
1140 1772 1298 1822 Mores,
1345 1784 1475 1824 sacra,

215 1954 233 1984 2
268 1952 303 1984 et
332 1950 535 1984 Bentleius:
574 1951 629 1983 est
662 1952 699 1982 A.
847 1952 868 1982 4
901 1948 1058 1993 semesa]
1096 1958 1265 1982 semensa
1295 1949 1320 1979 P
1350 1958 1391 1979 m.
1413 1958 1472 1990 pr.

120 2002 139 2031 ὃ
166 1999 331 2043 prorsus]
352 2008 520 2042 prorssus
541 2000 576 2030 P.
654 2000 671 2029 7
694 1998 817 2040 patres
839 1996 1049 2030 Aeidalius:
1071 1995 1204 2029 fratres
1225 1998 1264 2027 A.
1339 1993 1473 2039 nostri]

119 2046 245 2080 nostra
271 2049 297 2078 F
318 2057 361 2079 m.
377 2057 435 2089 pr.
554 2047 574 2077 8
601 2043 765 2089 Europa]
793 2054 931 2087 eurapa
958 2046 983 2076 B
1010 2055 1054 2078 m.
1076 2054 1134 2087 pr.
1255 2046 1273 2075 9
1299 2041 1472 2087 relegati]

119 2092 269 2137 religati
294 2096 320 2125 F
343 2105 384 2127 m.
400 2104 459 2136 pr.
480 2095 516 2124 P.
606 2091 870 2136 membrorum]
897 2091 1135 2124 menbrorum
1161 2093 1233 2122 PV.
1318 2089 1473 2122 mulcati

121 2141 311 2175 Halmius:
339 2139 489 2173 multati
510 2141 548 2172 A.
626 2143 668 2172 10
695 2139 872 2184 armatos]
901 2140 1043 2172 armato
1065 2140 1090 2170 B
1113 2150 1155 2171 m.
1171 2149 1230 2181 pr.
1309 2140 1349 2169 12
1378 2136 1471 2170 sola-

123 2187 234 2233 cium]
263 2187 437 2221 solatium
463 2190 535 2219 Fv.
613 2190 655 2219 14
682 2186 883 2231 extemplo]
906 2196 971 2219 om.
992 2189 1018 2219 P
1041 2197 1082 2219 m.
1098 2196 1170 2229 pr„
1197 2183 1337 2228 templo
1361 2187 1400 2217 V.

121 2235 331 2279 praesentia
352 2235 560 2268 Acidalz'us:
588 2234 840 2278 praesentium
867 2237 905 2267 A.
1005 2236 1048 2267 20
1077 2232 1309 2266 erubesceret
1330 2231 1471 2266 Lctuer:

123 2282 336 2316 erubescere
363 2285 401 2315 A.
477 2285 518 2314 21
546 2281 717 2326 fortuito]
743 2280 896 2315 fortuite
922 2283 958 2313 B.
1041 2283 1085 2313 23
1112 2279 1256 2324 optare]
1284 2279 1411 2313 obtare
1432 2282 1471 2312 V.

123 2333 167 2363 24
195 2328 339 2374 offerre]
369 2330 404 2362 in
433 2333 458 2362 P
484 2328 525 2362 of
548 2329 686 2363 lw'tferae
711 2330 748 2362 in
778 2340 847 2363 ras.
874 2332 969 2362 sunt.
1094 2331 1137 2360 25
1163 2327 1256 2373 vita]
1287 2326 1405 2359 uitam
1431 2329 1473 2358 V.

125 2380 166 2409 27
194 2376 385 2422 haustum]
413 2378 561 2409 austum
580 2379 605 2408 P
625 2388 669 2410 m.
682 2388 741 2420 pr.
846 2375 981 2420 mores]
1009 2385 1153 2408 morum
1172 2378 1212 2408 V.

1505 591 1546 622 14

1505 830 1546 860 15

1505 949 1546 979 16

1504 1187 1545 1217 17

1504 1543 1546 1573 18

1502 1723 1545 1752 19
