1610 2522
323 114 657 149 HISTORIARUM
684 113 967 147 ALEXANDRI
995 114 1106 153 vnn,
1136 118 1164 147 7.
1188 118 1218 147 s.
1365 113 1448 153 337

96 225 358 265 constantiae
392 225 435 264 in
468 223 634 276 rubore,
669 238 797 277 quam
830 223 872 263 in
907 223 1047 277 culpa:
1082 223 1320 263 coniectum
1354 237 1450 264 ocu-

94 284 246 337 lorum,
279 284 433 337 quibus
461 287 508 324 ut
533 283 603 323 fur
630 283 933 335 destinabatur,
960 282 1200 335 Dioxippus
1226 282 1335 322 ferre
1364 295 1451 322 non

95 344 237 397 potuit
269 346 321 396 et,
355 358 449 383 cum
483 343 735 384 excessisset
761 342 970 394 convivio,
1002 341 1157 382 litteris
1186 341 1449 394 conscriptis,

96 417 201 456 quae
245 402 335 457 regi
383 402 674 454 redderentur,
718 402 829 443 ferro
875 416 918 442 se
960 401 1185 442 interemit.
1256 400 1452 441 Graviter
1477 412 1521 442 26

59 464 275 504 5mortem
322 463 410 502 eius
455 462 556 502 tulit
601 477 674 502 rex
719 461 966 502 existimans
1007 460 1314 515 indignationis
1348 474 1450 504 esse,

94 536 179 561 non
205 521 490 574 paenitentiae
517 524 680 564 testem.
711 521 859 575 utique
885 523 1110 574 postquam
1140 520 1248 560 falso
1276 519 1450 560 insimu-

94 582 228 621 latum
261 595 357 620 eum
390 580 569 621 nimium
603 580 843 621 invidorum
879 580 1081 635 gaudium
1115 578 1312 619 ostendit.

23 643 73 678 30
183 639 385 680 Indorum
425 640 555 695 legati
594 640 760 680 dimissi
800 640 947 680 domos
988 639 1134 693 paucis
1167 640 1266 693 post
1298 637 1447 678 diebus
1468 644 1551 678 VIII

95 713 188 739 cum
220 699 342 740 donis
374 702 655 740 revertuntur.
720 710 803 740 CCC
836 701 956 739 erant
989 698 1165 752 equites,
1199 709 1329 738 MXXX
1358 712 1447 738 cur-

41 773 183 811 lorus,
229 773 334 812 quos
368 758 610 814 quadriiugi
644 759 742 812 equi
775 758 1003 810 ducebant,
1044 757 1180 798 lineae
1213 757 1343 798 vestis
1376 757 1449 797 ali-

94 821 312 871 quantum,
346 819 462 859 mille
495 821 613 859 scuta
645 818 789 859 Indica
823 820 864 858 et
896 817 997 858 ferri
1031 816 1198 858 candidi
1230 816 1391 857 talenta
1424 826 1448 856 C

92 878 321 931 leonesque
353 893 470 918 rarae
504 877 810 933 magnitudinis
845 881 886 918 et
917 877 1060 932 tigres,
1101 879 1329 929 utrumque
1362 875 1448 915 ani-
1476 890 1494 919 —2

93 937 178 977 mal
222 937 274 977 ad
317 937 687 978 mansuetudinem
721 937 946 989 domitum,
991 937 1245 977 lacertarum
1280 948 1448 988 quoque

93 995 332 1051 ingentium
365 999 497 1049 pelles
530 1000 571 1037 et
605 997 728 1037 dorsa
760 996 1035 1037 testudinum.
1094 994 1267 1035 Cratero
1299 994 1448 1034 deinde
1477 1009 1495 1038 3

40 1072 72 1098 15
93 1055 276 1109 imperat
316 1070 405 1100 rex,
439 1056 552 1097 haud
593 1057 742 1110 procul
784 1070 924 1109 amne,
957 1070 1033 1108 per
1072 1069 1197 1108 quem
1237 1057 1326 1094 erat
1358 1053 1448 1107 ipse

92 1115 387 1169 navigaturus,
434 1117 576 1169 copias
611 1117 799 1156 duceret:
836 1130 906 1156 eos
941 1118 1101 1166 autem,
1147 1114 1219 1167 qui
1253 1113 1447 1153 comitari

93 1188 186 1214 eum
222 1175 432 1227 solebant,
478 1175 645 1229 inponit
688 1176 732 1216 in
769 1190 897 1216 naves
930 1177 972 1214 et
1004 1174 1048 1214 in
1080 1174 1185 1213 fines
1218 1172 1448 1213 Mallorum

92 1234 276 1274 secundo
309 1249 430 1275 amne
464 1235 695 1276 devehitur.

173 1291 276 1333 Inde
304 1292 558 1349 Sambagras
591 1295 709 1348 adiit,
741 1293 924 1335 validam
955 1292 1099 1333 Indiae
1126 1294 1308 1346 gentem,
1342 1304 1447 1344 quae
1475 1307 1495 1336 4

38 1369 71 1394 20
91 1352 251 1406 populi,
283 1367 370 1393 non
402 1368 550 1408 regum
584 1354 764 1408 imperio
796 1353 1034 1407 regebatur.
1087 1363 1148 1391 LX
1181 1350 1299 1390 milia
1332 1349 1448 1403 pedi-

91 1414 181 1451 tum
215 1411 447 1465 habebant,
479 1413 669 1466 equitum
703 1425 750 1453 VI
781 1413 917 1453 milia:
949 1412 1025 1452 has
1059 1411 1201 1464 copias
1235 1424 1381 1450 currus
1416 1420 1446 1449 D

92 1471 388 1524 sequebantur.
452 1484 503 1512 111
536 1473 662 1513 duces
695 1474 908 1526 spectatos
943 1471 1101 1512 virtute
1133 1469 1286 1510 bellica
1313 1469 1447 1522 elege-

92 1532 197 1570 rant.
260 1530 330 1584 At,
364 1531 436 1584 qui
469 1532 513 1571 in
544 1533 658 1587 agris
691 1535 810 1573 erant
842 1531 1048 1585 proximis
1078 1528 1245 1569 flumini
1279 1553 1333 1556 —
1366 1528 1444 1568 fre·
1474 1544 1492 1573 5

93 1592 270 1642 quentes
309 1593 450 1631 autem
488 1591 605 1632 vicos
644 1592 828 1632 maxime
861 1591 1029 1644 in.ripa
1060 1587 1277 1629 habebant
1312 1612 1365 1615 —
1399 1589 1447 1626 ut

38 1665 70 1690 25
91 1648 232 1688 videre
275 1651 415 1690 totum
460 1665 645 1703 amnem,
691 1666 774 1705 qua
812 1650 1000 1704 prospici
1034 1650 1220 1702 poterat,
1263 1646 1446 1701 navigiis

92 1710 355 1748 constratum
389 1711 429 1749 et
462 1712 528 1750 tot
561 1710 745 1751 militum
775 1725 892 1750 arma
918 1707 1138 1763 fulgentia,
1172 1706 1311 1746 territi
1338 1720 1447 1746 nova

90 1766 198 1808 facie
232 1767 406 1808 deorum
439 1770 670 1811 exercitum
704 1773 745 1810 et
777 1770 908 1810 alium
940 1768 1140 1809 Liberum
1168 1765 1350 1816 Patrem,
1384 1779 1446 1805 ce-

90 1825 205 1867 lebre
249 1827 291 1866 in
336 1827 421 1868 illis
467 1829 664 1884 gentibus
709 1844 883 1882 nomen,
935 1828 1162 1868 adventare
1207 1824 1445 1866 credebant.

188 1947 204 1976 1
232 1943 381 1989 rubore]
409 1944 538 1979 robore
565 1949 599 1979 P.
700 1950 719 1979 2
746 1946 801 1991 ut]
829 1947 866 1979 et
892 1949 918 1978 F
937 1956 982 1979 m.
999 1955 1056 1987 pr.
1163 1945 1182 1974 3
1210 1940 1442 1984 excessisset]

91 1991 291 2024 excessiset
316 1995 352 2024 F.
462 1996 480 2025 6
508 1993 775 2038 paenitentiae]
802 1992 993 2036 potentiae
1018 1994 1058 2023 V.
1159 1992 1178 2022 8
1205 1988 1304 2032 post]
1333 1998 1397 2021 om.
1420 1990 1445 2019 Β

90 2048 134 2071 m.
150 2049 209 2081 pr.
286 2042 328 2072 12
355 2040 568 2085 utrumque]
595 2041 783 2084 utrimque
803 2044 828 2073 B
848 2052 892 2074 m.
915 2051 968 2083 pr.
1048 2041 1090 2071 15
1118 2036 1239 2080 amne]
1268 2045 1388 2068 amme
1409 2038 1444 2067 F.

94 2088 134 2117 16
162 2085 419 2131 navigaturus]
448 2087 705 2132 nauigiaturos
729 2092 764 2121 P.
842 2091 883 2122 17
910 2086 1109 2120 Mallorum
1131 2085 1274 2118 Lauer:
1301 2082 1444 2115 mallio-

90 2143 171 2164 rum
199 2136 237 2165 A.
339 2137 380 2167 19
415 2134 636 2179 Sambagras
671 2136 816 2180 scripsi:
851 2135 1024 2169 sabarcas
1050 2136 1090 2165 A.
1189 2133 1233 2164 20
1263 2142 1308 2162 Lx
1340 2129 1444 2162 milia

92 2179 376 2215 Freinshemius:
405 2194 440 2215 vi
467 2182 571 2215 milia
598 2186 635 2215 A.
742 2188 783 2216 21
812 2196 848 2216 vx
873 2182 993 2227 milia]
1020 2193 1057 2214 vr
1083 2184 1116 2214 C.
1223 2181 1266 2210 22
1295 2176 1443 2221 bellica]

91 2225 249 2260 belliaca
275 2231 301 2260 B
330 2240 371 2261 m.
388 2241 445 2273 pr.
571 2230 774 2276 elegerant]
800 2231 970 2275 legerant
989 2232 1029 2261 V.
1147 2229 1190 2259 23
1218 2224 1296 2269 qui]
1325 2235 1397 2267 que
1417 2227 1442 2256 B

90 2284 134 2306 ‘'⁷²—
152 2285 209 2317 pr.
284 2276 461 2318 proximis
485 2277 692 2321 Quicherut:
720 2278 879 2322 proximi
900 2280 939 2310 A.
1016 2280 1060 2308 24
1084 2272 1257 2317 maxime]
1279 2271 1445 2314 proxime

91 2324 116 2352 P
139 2332 179 2354 ’Π-
196 2333 255 2364 Pr·
331 2323 534 2369 habebant]
564 2325 741 2359 halebant
766 2329 801 2358 L.
883 2328 927 2359 25
955 2323 1042 2367 qua]
1070 2320 1178 2365 quasi
1203 2322 1244 2352 V.
1321 2322 1362 2351 27
1390 2318 1445 2351 fa-

92 2368 161 2412 cie]
190 2368 280 2403 fatie
300 2374 335 2402 L.

164 2433 301 2459 Crnrms
321 2435 428 2460 Rrrcs
450 2436 494 2460 ed.
516 2437 696 2462 Hedicke.
734 2439 789 2463 Ed.
810 2440 913 2464 maior,
1186 2429 1228 2459 22
