1610 2522
58 290 95 319 11

59 766 99 795 13

61 1005 101 1034 14

62 1184 103 1212 15

60 1303 102 1332 16

125 110 210 150 22⁶2
629 108 669 151 Q.
698 107 839 143 CURTI
869 108 982 142 lui-'1

125 233 234 273 quos
275 219 316 258 in
351 218 499 259 eodem
535 217 702 273 agmine
737 232 825 258 esse
871 220 912 258 ct
951 231 1073 271 aegre
1117 217 1204 271 pati
1244 215 1358 258 sitim
1397 231 1484 258 non

126 278 395 333 ignorabant,
428 279 735 318 succurrerent.
770 275 850 325 Qui
873 291 966 317 cum
990 276 1031 316 in
1059 290 1201 329 regem
1225 275 1486 327 incidissent,

127 338 234 378 alter
267 352 316 378 ex
351 337 417 378 his
451 339 545 377 utre
578 336 766 377 resoluto
799 350 884 388 vas,
917 334 1030 389 quod
1064 335 1188 376 simul
1222 334 1397 377 ferebat.
1426 335 1485 375 in-

126 397 215 451 plet
252 396 474 451 porrigens
513 396 614 450 regi.
678 394 755 436 Ille
794 394 965 448 accipit:
1005 397 1298 448 percontatus,
1331 394 1485 448 quibus

80 471 98 498 2²
127 471 281 510 aquam
321 458 528 510 portaret,
568 454 668 496 filiis
714 454 823 495 ferre
867 454 1096 509 cognoscit.
1167 454 1286 495 Tunc
1331 453 1485 507 poculo
1525 471 1539 494 5

127 517 274 569 pleno,
314 516 424 556 sicut
457 515 647 555 oblatum
676 516 750 568 est,
783 513 972 556 reddito:
1016 512 1119 554 ‘Nec
1155 513 1299 567 solus',
1331 513 1488 566 inquit,

128 574 287 616 ‘bibere
333 574 523 615 sustineo
563 587 640 615 nec
685 576 773 614 tam
817 573 1018 628 exiguum
1059 572 1245 614 dividere
1291 572 1488 613 omnibus

126 649 319 689 possum:
359 648 435 675 vos
476 633 632 674 currite
671 635 714 674 et
755 632 900 674 liberis
943 632 1116 686 vestris,
1161 631 1275 686 quod
1313 634 1488 685 propter

127 694 225 735 illos
257 693 485 746 attulistis,
518 692 641 734 date’.

217 753 406 795 Tandem
438 752 490 793 ad
523 752 681 793 flumen
708 750 846 792 Oxum
881 751 971 805 ipse
1004 751 1200 805 pervenit
1231 751 1368 804 prima
1400 751 1486 791 fere
1508 753 1553 787 21

128 828 314 867 vespera.
367 811 448 853 Sed
483 811 692 853 exercitus
726 825 880 865 magna
911 825 1009 865 pars
1043 824 1129 852 non
1161 812 1360 864 potuerat
1392 824 1487 851 con-
1509 828 1539 852 11

130 873 270 926 sequi:
305 872 347 912 in
381 872 495 913 edito
522 873 667 912 monte
688 871 808 925 ignes
836 870 954 911 iubet
980 870 1083 923 fieri,
1114 872 1163 911 ut
1190 869 1232 922 ii,
1265 869 1338 924 qui
1365 883 1488 924 aegre

130 931 435 986 sequebantur,
473 930 586 971 haud
624 929 774 984 procul
806 930 955 970 castris
994 929 1110 983 ipsos
1149 928 1295 970 abesse
1335 942 1488 983 cogno-

131 994 313 1045 scerent,
352 1005 423 1032 eos
457 993 615 1043 autem,
662 990 737 1043 qui
768 989 897 1044 primi
930 989 1112 1044 agminis
1145 991 1283 1041 erant,
1324 992 1489 1029 mature

132 1051 226 1093 cibo
261 1065 309 1092 ac
335 1050 510 1104 potione
537 1050 728 1090 firmatos
761 1048 922 1103 inplere
949 1047 1056 1089 alios
1083 1050 1212 1101 utres,
1245 1048 1350 1088 alios
1377 1061 1489 1099 vasa,
1509 1063 1541 1089 15

131 1110 471 1165 quibuscumque
503 1124 613 1163 aqua
639 1108 801 1162 portari
833 1110 988 1162 posset,
1021 1122 1069 1149 ac
1097 1107 1184 1147 suis
1218 1122 1341 1161 opem
1367 1107 1487 1148 ferre.

132 1168 215 1211 Sed
254 1169 327 1223 qui
366 1169 721 1223 intemperantius
772 1167 1019 1220 hauserant,
1064 1166 1294 1208 intercluso
1335 1166 1488 1220 spiritu

131 1229 309 1270 extincti
353 1231 470 1282 sunt,
514 1227 736 1281 multoque
776 1227 912 1269 maior
956 1226 1109 1267 horum
1147 1240 1349 1267 numerus
1395 1224 1489 1280 fuit,

131 1304 259 1343 quam
299 1288 388 1329 ullo
432 1287 633 1328 amiserat
664 1286 839 1341 proelio.
903 1285 962 1327 At
995 1285 1066 1326 ille
1098 1285 1317 1326 thoracem
1350 1284 1490 1326 adhuc

130 1348 305 1389 indutus
343 1362 421 1389 nec
459 1350 532 1388 aut
565 1346 659 1388 cibo
699 1346 882 1388 refectus
915 1348 987 1386 aut
1019 1347 1144 1399 potu,
1177 1360 1259 1399 qua
1292 1343 1490 1385 veniebat
1510 1361 1543 1385 20
1600 1385 1603 1390 ,

130 1408 379 1461 excercitus,
412 1406 606 1448 constitit
640 1420 718 1446 nec
756 1407 853 1446 ante
886 1405 937 1445 ad
971 1404 1203 1446 curandum
1243 1418 1396 1457 corpus
1427 1417 1489 1445 re-

131 1468 274 1520 cessit,
313 1481 439 1520 quam
472 1466 747 1520 praeterierat
784 1478 908 1506 omne
942 1478 1112 1519 agmen,
1143 1466 1364 1517 totamque
1397 1477 1489 1504 eam

131 1529 298 1568 noctem
325 1540 421 1567 cum
447 1539 602 1581 magno
635 1524 766 1565 animi
799 1526 918 1565 motu
947 1523 1166 1578 perpetuis
1198 1522 1358 1578 vigiliis
1390 1521 1488 1576 egit.

131 1586 219 1628 Nec
252 1588 423 1640 postero
457 1584 522 1625 die
555 1584 708 1625 laetior
733 1586 835 1637 erat,
872 1584 972 1637 quia
1004 1597 1079 1624 nec
1106 1583 1274 1637 navigia
1305 1581 1490 1622 habebat

131 1660 208 1687 nec
246 1660 355 1699 pons
401 1644 507 1699 erigi
545 1646 715 1699 poterat
749 1646 858 1684 terra
896 1642 1055 1683 circum
1095 1656 1262 1682 amnem
1301 1641 1415 1682 nuda.
1447 1643 1488 1681 et
1508 1658 1542 1683 25

131 1705 306 1746 materia
338 1704 521 1744 maxime
554 1702 701 1744 sterssi.
765 1701 1001 1744 Consilium
1034 1701 1177 1756 igitur,
1211 1701 1324 1755 quod
1357 1714 1487 1741 unum

131 1764 360 1805 necessitas
394 1763 650 1816 subiecerat,
695 1762 791 1803 init:
836 1764 952 1803 utres
986 1775 1110 1815 quam
1146 1759 1351 1814 plurimos
1385 1763 1488 1800 stra-

229 1944 248 1973 2
277 1942 531 1974 succurrerent
559 1939 753 1973 Heinsius:
788 1939 1023 1972 occurrerent
1049 1940 1087 1969 A.
1235 1939 1254 1968 ὅ
1283 1937 1339 1968 est
1364 1946 1429 1969 om.
1451 1938 1487 1967 P.

135 1993 151 2022 ἵ
181 1988 275 2033 tam]
303 1989 428 2020 tamen
454 1990 489 2020 P.
638 1985 818 2031 dividere]
847 1985 1021 2019 deuidere
1047 1987 1085 2017 V.
1236 1985 1277 2016 10
1304 1981 1488 2027 Tandem]

133 2038 258 2070 tamen
285 2038 320 2067 P.
404 2038 445 2068 11
474 2033 663 2078 potuerat]
690 2035 838 2077 poterat
864 2035 935 2066 BF.
1019 2035 1060 2065 12
1088 2031 1205 2076 edito]
1234 2029 1352 2064 sedito
1380 2033 1414 2063 P.

133 2083 160 2117 ii
180 2087 213 2116 1:
236 2082 288 2116 hii
309 2085 338 2115 A
360 2082 413 2127 [hi
428 2082 484 2127 VJ.
562 2085 603 2114 13
624 2080 741 2125 haud]
763 2080 855 2113 haut
868 2083 905 2122 L,
926 2080 991 2113 aut
1005 2083 1043 2112 V.
1121 2082 1163 2113 16
1185 2078 1311 2122 posset
1330 2081 1355 2110 P
1375 2088 1485 2121 m.pr.

133 2130 249 2174 possit
278 2133 317 2163 A.
417 2141 457 2162 ac
485 2132 547 2161 Pv
566 2139 703 2172 m.pr.:
731 2127 840 2161 iussit
866 2138 908 2161 ac
935 2131 967 2160 C.
1070 2130 1109 2159 17
1138 2125 1353 2170 hauserant]
1382 2135 1487 2158 ause-

133 2180 216 2211 rant
243 2181 281 2211 V.
402 2181 443 2210 19
470 2176 676 2221 thoracem]
703 2180 866 2209 toracem
893 2179 925 2208 c,
1043 2177 1085 2207 22
1112 2172 1353 2217 praeterierat
1381 2181 1487 2206 omne

133 2226 278 2269 scripsi:
325 2223 595 2268 praeterierant
639 2222 702 2266 qui
741 2225 779 2256 A.
934 2225 976 2255 24
1017 2220 1164 2265 laetior]
1210 2219 1376 2254 laetitior
1414 2221 1487 2252 FV.

135 2278 178 2306 25
207 2277 326 2306 terra
353 2272 492 2305 circum
517 2272 664 2315 scripsi:
698 2270 835 2304 circum
861 2272 900 2303 A.
1023 2268 1123 2301 nuda
1147 2268 1293 2312 scripSi:
1321 2266 1420 2300 nudo
1447 2268 1486 2299 A.

136 2325 178 2353 :26
206 2318 378 2365 materia]
406 2318 564 2352 materia
590 2322 625 2352 P.
773 2321 814 2350 27
843 2316 1068 2361 subiecerat]
1103 2315 1287 2350 subicerat
1315 2317 1394 2355 BV,
1429 2325 1487 2346 su-

134 2367 298 2402 bin—erat
326 2370 361 2400 L*
461 2366 547 2412 init]
574 2366 658 2399 iniit
685 2368 710 2398 F
733 2377 773 2398 m.
793 2376 851 2408 pr.
