1610 2522
82 306 125 334 ‘25

83 603 127 632 26

85 959 126 988 27

86 1197 129 1227 28

88 1495 130 1525 29

89 1791 132 1821 30

153 125 238 167 316
654 128 693 167 Q.
723 124 867 160 CURTI
894 125 1006 160 RUFI

153 250 263 276 nunc
298 249 374 276 nos
397 234 579 289 Scythae
614 237 862 288 sequuntur,
895 234 1119 276 Bactriana
1151 234 1310 275 auxilia
1342 237 1510 288 praesto

155 297 265 347 sunt,
291 294 436 335 Dahae
459 293 749 349 Sogdianique
776 295 886 334 inter
911 308 990 335 nos
1015 294 1214 335 militant.
1259 293 1349 334 Nec
1370 298 1512 335 tamen
1533 297 1583 332 10

155 354 217 395 illi
245 353 395 394 turbae
422 353 608 395 confido:
641 356 802 394 vestras
830 367 978 394 manus
1006 353 1185 405 intueor,
1220 356 1401 395 vestram
1433 353 1512 394 vir-

156 416 289 453 tutem
324 427 483 465 rerum,
530 427 633 466 quas
667 416 863 467 gesturus
897 427 1008 465 sum,
1052 413 1195 453 vadem
1230 413 1512 466 praedemque

155 472 302 513 habeo.
355 471 566 521 Quamdiu
603 472 821 513 vobiscum
855 472 898 512 in
931 472 1020 513 acie
1053 472 1188 526 stabo,
1221 486 1298 513 nec
1329 471 1410 513 mei
1437 486 1514 513 nec
1551 488 1566 514 ⁵

154 532 344 572 hostium
398 532 608 572 exercitus
653 545 850 572 numero:
908 546 982 572 vos
1028 531 1155 572 modo
1201 531 1363 572 animos
1408 530 1513 573 mihi

154 591 304 645 plenos
338 591 569 631 alacritatis
603 605 650 632 ac
681 590 861 631 fiduciae
894 590 1102 632 adhibete.
1160 589 1257 631 Non
1293 590 1334 631 in
1368 590 1514 632 limine

156 664 331 704 operum
370 650 650 704 laborumque
693 653 958 703 nostrorum,
1003 650 1076 691 sed
1108 650 1152 690 in
1184 650 1303 690 exitu
1334 653 1513 691 stamus:

154 710 426 763 pervenimus
465 709 516 750 ad
557 710 660 750 solis
703 712 843 751 ortum
878 712 919 750 et
952 708 1178 750 Oceanum.
1241 708 1339 750 Nisi
1372 709 1514 750 obstat
1544 723 1548 727 ’

154 770 338 824 ignavia,
370 769 466 809 inde
500 769 683 811 victores
715 768 956 823 perdomito
990 771 1072 810 fine
1099 772 1306 810 terrarum
1333 773 1514 810 reverte·
1535 785 1569 811 ιο

155 843 250 869 mur
281 829 322 869 in
357 829 550 883 patriam.
614 827 774 882 Nolite,
806 828 920 881 quod
952 828 1065 883 pigri
1098 829 1308 883 agricolae
1342 829 1516 882 faciunt,

157 891 347 929 maturos
399 889 564 929 fructus
619 902 693 941 per
743 888 939 928 inertiam
991 889 1183 929 amittere
1235 902 1255 929 e
1306 887 1514 929 manibus.

155 947 319 988 Maiora
352 950 451 988 sunt
484 947 686 1001 periculis
719 948 922 1001 praemia:
957 947 1072 988 dives
1106 947 1250 988 eadem
1279 950 1319 989 et
1346 947 1515 988 inbellis

157 1010 222 1048 est
257 1007 387 1062 regio.
438 1006 588 1060 Itaque
621 1020 707 1047 non
740 1011 826 1047 tam
860 1006 910 1047 ad
944 1006 1123 1062 gloriam
1151 1021 1225 1047 vos
1253 1006 1360 1048 duco
1389 1021 1513 1060 quam

157 1066 207 1107 ad
241 1067 450 1120 praedam.
514 1066 648 1121 Digni
681 1065 802 1119 estis,
848 1067 920 1120 qui
953 1080 1072 1119 opes,
1119 1081 1223 1120 quas
1262 1065 1367 1107 illud
1401 1080 1514 1107 mare
1536 1082 1569 1108 15

156 1125 354 1167 litoribus
388 1125 563 1179 invehit,
601 1125 794 1166 referatis
828 1125 870 1165 in
904 1125 1100 1179 patriam,
1139 1125 1269 1181 digni,
1303 1125 1374 1179 qui
1407 1125 1516 1166 nihil

157 1186 439 1239 inexpertum,
474 1185 584 1226 nihil
616 1188 731 1225 metu
766 1185 969 1226 omissum
1003 1185 1265 1238 relinquatis.
1328 1184 1410 1226 Per
1440 1199 1515 1226 vos

157 1244 424 1301 gloriamque
452 1248 648 1298 vestram,
682 1259 765 1298 qua
790 1243 1023 1285 humanum
1052 1244 1272 1300 fastigium
1299 1244 1516 1297 exceditis,

158 1319 316 1358 perque
350 1307 391 1345 et
424 1319 516 1345 mea
549 1305 593 1345 in
625 1318 700 1345 vos
734 1306 775 1344 et
809 1303 851 1344 in
885 1318 950 1344 me
984 1306 1123 1344 vestra
1155 1303 1319 1357 merita,
1361 1303 1516 1357 quibus

158 1365 338 1405 invicem
382 1364 697 1418 contendimus,
740 1377 814 1404 oro
848 1377 1108 1416 quaesoque,
1151 1378 1203 1403 ne
1236 1363 1516 1404 humanarum
1538 1379 1572 1404 20

159 1438 299 1464 rerum
338 1424 542 1464 terminos
585 1422 810 1463 adeuntem
845 1422 1064 1463 alumnum
1097 1422 1517 1476 commilitonemque

160 1486 362 1535 vestrum,
394 1498 446 1523 ne
481 1482 617 1525 dicam
650 1496 807 1538 regem,
840 1482 1055 1523 deseratis.
1109 1480 1257 1523 Cetera
1289 1481 1410 1522 vobis
1442 1482 1517 1522 im-

158 1542 321 1596 peravi:
354 1542 437 1583 hoc
470 1557 601 1583 unum
636 1541 857 1582 debiturus
890 1555 995 1582 sum.
1047 1540 1105 1582 Et
1131 1541 1166 1582 is
1193 1555 1268 1582 vos
1294 1555 1413 1596 rogo,
1445 1540 1518 1594 qui

158 1601 267 1642 nihil
299 1616 500 1655 umquam
536 1602 658 1643 vobis
690 1600 898 1655 praecepi,
931 1601 1035 1654 quin
1067 1601 1231 1654 primus
1264 1615 1330 1641 me
1356 1600 1519 1654 pericu-

158 1660 211 1701 lis
251 1661 500 1715 obtulerim,
545 1661 617 1715 qui
658 1675 781 1714 saepe
819 1661 951 1701 aciem
993 1660 1129 1714 clipeo
1162 1674 1256 1701 meo
1290 1660 1389 1701 texi.
1451 1658 1518 1700 Ne
1539 1675 1572 1702 25

159 1720 419 1774 infregeritis
463 1721 504 1761 in
548 1719 743 1761 manibus
783 1719 887 1760 meis
927 1720 1130 1773 palmam,
1176 1734 1259 1773 qua
1290 1718 1518 1760 Herculem

160 1779 446 1833 Liberumque
480 1779 662 1832 Patrem,
696 1779 729 1820 si
764 1778 925 1819 invidia
958 1779 1124 1832 afuerit,
1157 1778 1359 1832 aequabo.
1410 1777 1519 1819 Date

259 1913 274 1942 1
300 1908 473 1954 Scythae]
496 1908 625 1953 schyte²
646 1910 682 1941 B.
753 1907 971 1953 sequuntur]
997 1910 1172 1941 secuntur
1190 1910 1263 1941 Pv.
1334 1911 1352 1939 :3
1375 1906 1518 1952 Dahae]

161 1956 298 1990 dahaet
319 1960 344 1988 F
367 1968 491 2000 m.pr.,
514 1968 579 1986 n*
596 1959 632 1997 L,
653 1965 742 1989 corr.
760 1955 835 1989 add
868 1955 974 2000 dahe.
1051 1959 1070 1988 4
1092 1954 1187 2000 sum]
1209 1966 1275 1989 om.
1290 1958 1325 1987 P.
1403 1957 1421 1987 7
1443 1953 1520 1987 ala-

161 2004 320 2049 critatis]
342 2003 518 2037 alacritas
545 2007 571 2036 F
591 2014 635 2036 m.
653 2014 710 2046 pr.
805 2002 978 2048 fiduciae]
1006 2002 1160 2036 fidutiae
1186 2005 1225 2035 V.
1325 2000 1517 2047 adhibete]

161 2051 311 2085 adibete
338 2055 376 2085 V.
490 2054 532 2084 10
559 2050 661 2095 inde]
688 2049 787 2083 unde
807 2053 847 2083 V.
959 2049 1198 2095 revertemur]
1225 2050 1457 2083 reuertamur
1482 2052 1517 2082 Ρ.

163 2102 204 2133 12
232 2098 421 2144 inertiam]
448 2098 626 2132 inerciam
646 2101 718 2131 Fv.
822 2101 863 2129 14
891 2097 939 2130 ad
965 2097 1139 2142 gloriam]
1167 2096 1325 2141 gloriam
1352 2099 1378 2129 F
1400 2108 1442 2130 m.
1462 2107 1517 2140 pr.

164 2150 206 2180 15
229 2145 354 2191 Digni]
377 2146 501 2190 dignis
521 2148 547 2178 B
567 2157 612 2180 m.
629 2156 687 2189 pr.
759 2148 801 2177 10
823 2143 1009 2190 litoribus]
1032 2144 1221 2178 littoribus
1242 2147 1277 2177 P.
1350 2148 1392 2177 1&
1413 2142 1519 2177 fast-i-

161 2194 278 2238 giuni]
307 2193 503 2227 fastidium
529 2197 564 2226 P.
665 2195 709 2225 20
735 2191 894 2225 invicem
922 2191 1127 2226 Bentleius:
1161 2191 1293 2225 inuicti
1320 2194 1359 2224 A.
1458 2190 1518 2236 ne]

162 2252 228 2276 om.
250 2244 275 2273 P
293 2253 404 2285 impr.
480 2239 743 2285 humanarum]
765 2238 961 2273 humarum
976 2242 1001 2272 B
1018 2251 1060 2273 m.
1074 2251 1128 2283 pr.
1144 2242 1170 2271 F
1184 2251 1228 2273 m.
1245 2250 1298 2282 pr.
1315 2242 1339 2271 L
1355 2250 1398 2272 m.
1411 2241 1519 2282 pr.v.

163 2292 206 2322 24
234 2288 423 2333 praecepi]
445 2287 614 2332 praecipi
641 2291 666 2320 P
686 2298 731 2321 m.
748 2299 805 2330 pr.
881 2286 971 2330 quin
1002 2287 1160 2322 Giunta:
1188 2286 1252 2329 qui
1276 2289 1314 2319 A.
1391 2289 1434 2319 25
1455 2284 1520 2319 ob-

162 2335 312 2370 tulerim
344 2336 502 2370 situum:
537 2334 657 2369 obtuli
683 2338 724 2377 P,
759 2333 879 2378 optuli
908 2338 940 2367 c.
1088 2333 1222 2379 clipeo]
1251 2332 1381 2377 clypeo
1408 2335 1520 2374 BLP,

165 2382 322 2427 clyppeo
349 2386 388 2416 V.
489 2387 530 2416 27
561 2381 712 2427 afuerit]
740 2381 853 2415 fuerit
878 2385 904 2414 F
931 2394 974 2415 m.
997 2393 1056 2426 pr.
