1610 2522
64 382 104 412 13

63 561 105 590 14

64 858 104 888 15

64 1037 105 1065 1ss

64 1215 105 1244 17

66 1393 106 1423 18

65 1749 107 1780 19

132 143 218 185 310
635 142 675 183 Q.
704 141 847 176 CURTI
874 141 986 176 RUFI

132 252 222 293 bus.
286 251 415 293 Virus
462 253 573 293 haud
618 254 751 294 ullum
800 251 934 306 magis
978 250 1153 292 noxium
1200 253 1281 290 est:
1333 251 1490 304 quippe

131 326 320 352 morsum
350 326 547 365 praesens
574 326 688 352 mors
715 310 982 364 sequebatur,
1013 310 1145 351 donec
1172 310 1224 351 ab
1253 308 1403 350 incolis
1430 323 1490 349 re-

133 371 318 412 medium
352 370 542 412 oblatum
576 374 651 412 est.
703 370 813 410 Hinc
846 385 920 424 per
953 370 1117 410 deserta
1149 371 1322 410 ventum
1349 371 1412 410 est
1440 368 1491 408 ad

132 430 289 471 flumen
327 430 563 484 Hyraotim.
628 429 827 471 Iunctum
869 432 958 470 erat
997 428 1163 469 flumini
1206 443 1355 469 nemus
1394 442 1491 482 opa-

133 504 227 530 cum
269 490 492 531 arboribus
526 490 628 530 alibi
663 489 891 530 invisitatis
924 489 1241 543 agrestiumque
1273 501 1489 541 pavonum
1529 505 1544 530 5

132 549 408 590 multitudine
434 549 647 603 frequens.
687 548 847 589 Castris
875 548 971 589 inde
997 547 1125 589 motis
1153 546 1356 601 oppidum
1377 545 1491 587 haud

132 608 284 662 procul
316 609 505 662 positum
539 622 695 650 corona
728 608 843 661 capit
875 607 1181 661 obsidibusque
1209 606 1392 660 acceptis
1419 605 1490 647 sti-

134 667 334 721 pendium
370 668 548 723 inponit.

223 725 289 767 Ad
322 742 519 782 magnam
554 727 720 780 deinde,
758 730 806 767 ut
839 727 880 767 in
915 741 962 767 ea
994 726 1185 781 regione,
1219 726 1366 766 urbem
1399 739 1489 778 per·
1509 728 1534 764 3

133 788 266 839 venit,
313 801 398 828 non
439 801 560 827 muro
603 787 759 838 solum,
805 786 876 827 sed
919 786 1045 827 etiam
1084 785 1238 839 palude
1270 784 1490 825 munitam.
1513 802 1546 827 10

133 844 328 887 Ceterum
376 846 544 887 barbari
584 846 789 888 vehiculis
830 847 940 886 inter
978 860 1020 886 se
1061 844 1215 886 iunctis
1249 843 1490 885 dimicaturi

133 909 428 947 occurrerunt:
462 906 547 947 tela
573 905 667 947 aliis
694 905 852 956 hastae,
885 905 979 946 aliis
1006 918 1172 945 secures
1206 906 1342 957 erant,
1380 905 1492 943 tran—

132 965 416 1019 siliebantque
450 966 491 1005 in
526 964 719 1007 vehicula
752 968 926 1005 strenuo
960 964 1085 1013 saltu,
1121 978 1215 1004 cum
1249 976 1492 1004 succurrere

132 1024 428 1065 laborantibus
468 1026 556 1066 suis
599 1027 764 1066 vellent.
828 1024 891 1065 Ac
933 1025 1070 1078 primo
1105 1022 1324 1064 insolitum
1358 1035 1492 1077 genus

133 1098 302 1139 pugnae
336 1084 589 1125 Macedonas
622 1084 786 1138 terruit.
820 1098 915 1125 cum
950 1083 1116 1124 eminus
1149 1083 1492 1123 vulnerarentur:
1513 1097 1546 1123 15

135 1143 285 1184 deinde
319 1146 463 1197 spreto
496 1146 583 1184 tam
617 1143 836 1185 incondito
870 1142 1029 1184 auxilio
1062 1142 1114 1182 ab
1149 1144 1330 1195 utroque
1362 1140 1492 1181 latere

133 1202 342 1244 vehiculis
377 1203 621 1244 circumfusi
655 1206 942 1258 repugnantes
968 1202 1112 1243 fodere
1141 1202 1380 1255 coeperunt.
1435 1199 1493 1240 Et

134 1261 315 1315 vincula,
350 1263 444 1316 quis
478 1266 672 1304 conserta
705 1265 837 1315 erant,
876 1262 1001 1303 iussit
1033 1261 1173 1302 incidi.
1208 1274 1292 1314 quo
1324 1259 1494 1301 facilius

135 1322 301 1376 singula
337 1323 756 1363 circumvenirentur.
814 1321 965 1375 Itaque
997 1333 1079 1361 VIII
1113 1319 1286 1360 milibus
1319 1333 1492 1360 suorum

134 1380 302 1422 amissis
336 1380 376 1421 in
411 1381 618 1436 oppidum
651 1382 911 1437 refugerunt.
962 1380 1140 1421 Postero
1167 1379 1233 1419 die
1261 1378 1386 1420 scalis
1415 1392 1491 1419 un-
1514 1394 1547 1419 20

134 1440 262 1494 dique
296 1440 478 1481 admotis
512 1442 620 1482 muri
655 1443 929 1494 occupantur.
987 1439 1138 1480 Paucis
1171 1439 1399 1493 pernicitas
1432 1451 1494 1478 sa-

134 1500 215 1540 luti
247 1500 347 1541 fuit:
381 1501 453 1554 qui
488 1501 555 1542 ubi
588 1501 760 1556 cognito
794 1500 910 1541 urbis
939 1499 1104 1541 excidio
1131 1498 1329 1553 paludem
1358 1499 1493 1537 trans-

133 1573 304 1611 navere,
361 1561 401 1600 in
448 1560 585 1601 vicina
629 1560 788 1614 oppida
827 1560 1041 1615 ingentem
1075 1557 1256 1599 intulere
1287 1559 1491 1597 terrorem

134 1618 339 1660 invictum
385 1621 618 1661 exercitum
651 1622 692 1660 et
725 1619 900 1659 deorum
933 1619 1124 1673 profecto
1159 1617 1377 1658 advenisse
1410 1629 1495 1656 me-

135 1681 362 1719 morantes.
1515 1692 1548 1717 25

225 1737 465 1779 Alexander
510 1738 561 1779 ad
606 1738 854 1778 vastandam
900 1752 991 1779 eam
1034 1737 1251 1792 regionem
1295 1734 1538 1775 Perdicca4

135 1811 229 1837 cum
276 1797 474 1850 expedita
520 1812 647 1838 manu
685 1797 815 1837 misso
855 1800 1019 1850 partem
1058 1795 1277 1849 copiarum
1311 1793 1495 1834 Eumeni

135 1856 322 1909 tradidit,
360 1859 407 1896 ut
440 1857 474 1897 is
510 1871 678 1911 quoque
713 1856 915 1897 barbaros
950 1856 999 1896 ad
1035 1855 1292 1896 deditionem
1328 1851 1494 1907 conpel-

134 1916 256 1957 leret:
289 1917 380 1969 ipse
413 1919 573 1957 ceteros
607 1916 658 1956 ad
688 1916 836 1956 urbem
864 1915 1060 1968 validam,
1092 1915 1135 1955 in
1163 1928 1286 1968 quam
1316 1912 1494 1952 aliarum

232 2025 252 2054 4
290 2020 484 2065 Hyraotim
523 2022 668 2065 scripsi:
710 2020 885 2054 him-otim
912 2024 951 2054 A.
1016 2021 1057 2053 Ῑη
1098 2023 1123 2052 P
1166 2019 1266 2053 rerba
1307 2016 1493 2051 hiarotim.

138 2069 306 2102 iunctum
328 2071 405 2103 erat
427 2068 569 2102 flumini
591 2079 719 2102 nemus
740 2068 923 2111 opachum
945 2067 1138 2101 arboribus
1163 2065 1253 2099 alibi
1275 2076 1341 2099 om.
1363 2076 1406 2098 m.
1423 2076 1495 2109 pr.,

137 2116 222 2149 add.
250 2127 339 2150 corr.
371 2118 407 2150 in
436 2116 599 2160 marqine
625 2116 760 2158 infimo.
887 2119 928 2148 1⁶3
956 2113 1311 2158 transiliebantque]
1338 2112 1495 2146 transie—

136 2163 302 2207 bantque
329 2167 353 2196 L
377 2176 418 2197 m.
434 2175 494 2208 pr.
516 2167 554 2197 V.
704 2167 745 2196 14
774 2162 925 2207 vellent]
958 2161 1086 2196 uelent
1111 2164 1136 2194 B
1162 2172 1206 2195 m.
1229 2172 1288 2205 pr.
1309 2163 1345 2193 L.
1373 2171 1419 2194 m.
1437 2170 1492 2203 pr.

138 2214 180 2244 17
221 2211 438 2257 coeperunt]
484 2213 661 2255 ceperunt
698 2214 733 2243 P.
890 2214 932 2243 115
978 2209 1110 2255 incidi]
1148 2207 1264 2242 indici
1303 2211 1330 2240 F
1365 2219 1406 2241 m.
1437 2218 1493 2250 pr.

139 2262 181 2291 19
210 2271 273 2291 vm
302 2258 452 2292 milibus
480 2262 511 2292 1:
539 2271 638 2292 vmss
666 2261 699 2300 C,
722 2262 791 2291 'v‘111
806 2270 825 2290 n
852 2261 887 2290 P.
968 2261 1012 2291 20
1039 2255 1201 2301 amissis]
1234 2255 1360 2289 amisis
1386 2258 1422 2287 P.

137 2305 334 2351 oppidum]
356 2306 508 2349 opidum
524 2310 582 2339 LP
597 2317 640 2340 m.
652 2317 709 2350 pr.
788 2310 829 2338 2⁴2
846 2304 910 2348 qui
924 2305 1002 2339 ubi
1014 2305 1160 2347 scripsi:
1177 2303 1241 2347 qui
1255 2305 1294 2335 A.
1371 2305 1415 2335 24
1430 2301 1495 2335 ad-

136 2353 297 2398 venisse}
325 2353 502 2387 aduenise
530 2356 555 2386 B
581 2365 626 2387 m.
645 2364 700 2396 pr.
808 2356 851 2385 28
880 2351 1122 2397 conpelleret]
1150 2349 1435 2394 compelleretur
1461 2353 1493 2382 c.

137 2404 181 2433 ‘29
211 2401 338 2445 quam]
366 2412 474 2443 quem
495 2404 534 2433 V.
635 2400 791 2434 aliarum
819 2403 851 2433 1:
881 2399 1038 2434 aliorum
1065 2402 1102 2432 A.
