1610 2522
361 74 695 109 HISTOR-IARUM
722 75 1004 109 ALEXANDRI
1032 75 1074 118 V,
1101 78 1132 109 9,
1157 78 1209 109 10.
1384 76 1466 116 139

112 184 178 224 cui
213 187 452 238 praeerant,
497 185 625 225 armis
671 184 856 238 virisque
890 186 931 224 et
964 183 1102 237 spatio
1134 184 1325 224 locorum
1359 185 1467 224 nulli

112 258 256 284 earum
295 243 486 298 gentium
525 244 724 284 secunda:
763 245 931 284 tertiam
970 245 1134 296 partem
1174 243 1301 284 Asiae
1339 245 1468 295 tenet,

112 302 343 343 multitudo
389 302 600 344 iuniorum
647 303 874 354 exercitus,
920 317 1027 356 quos
1060 303 1259 343 amiserat
1292 302 1468 355 Dareus,

111 363 332 416 aequabat.
394 361 542 416 Itaque
575 378 660 404 non
693 363 814 403 illum
848 362 986 415 modo,
1019 362 1091 402 sed
1124 362 1253 402 etiam
1282 361 1467 402 Alexan-

76 438 90 463 5
112 421 234 462 drum
265 421 532 475 spernebant,
566 422 662 463 inde
689 422 799 462 vires
826 421 995 476 imperii
1022 421 1257 475 repetituri,
1291 421 1325 462 si
1353 421 1466 475 regis

112 481 242 535 potiri
281 481 544 535 contigisset.
608 480 693 522 Diu
733 480 931 522 omnibus
965 481 1163 535 cogitatis
1197 481 1360 535 placuit
1392 495 1468 535 per
1495 492 1509 518 ι’

111 541 268 582 milites
288 540 536 581 Bactrianos
570 541 621 582 ad
648 555 772 582 omne
794 540 1047 594 obsequium
1068 540 1302 581 destinatos
1323 555 1466 595 regem

112 599 453 653 conprehendere
492 600 690 654 mittique
723 600 923 640 nuntium
955 600 1008 640 ad
1039 599 1349 653 Alexandrum,
1395 600 1468 653 qui

112 659 316 700 indicaret
348 660 492 701 vivum
525 660 737 700 adservari
771 674 884 700 eum:
925 659 979 713 si,
1021 659 1064 700 id
1097 659 1211 713 quod
1243 659 1466 712 timebant,

58 736 90 759 io
111 718 397 772 proditionem
431 722 680 773 aspernatus
713 722 834 771 esset,
867 718 1049 760 occisuri
1082 718 1269 760 Dareum
1302 721 1344 759 et
1364 718 1469 760 Bac-

111 781 175 819 tra
207 792 302 818 cum
336 793 505 819 suarum
538 779 729 833 gentium
756 793 885 819 manu
911 779 1098 832 petituri.
1151 777 1348 819 Ceterum
1373 792 1470 832 pro-

111 839 251 891 palam
291 838 577 892 conprehendi
610 838 774 878 Dareus
812 852 900 878 non
937 841 1106 891 poterat
1143 841 1209 878 tot
1240 837 1467 879 Persarum

111 897 283 938 milibus
327 898 478 937 laturis
524 912 647 951 opem
692 897 800 952 regi:
847 895 1104 938 Graecorum
1150 912 1319 951 quoque
1363 897 1468 937 fides

109 957 352 998 timebatur.
414 955 581 1010 Itaque,
623 957 738 1011 quod
772 956 811 997 vi
844 971 931 997 non
962 959 1178 1010 poterant,
1219 956 1367 998 fraude
1399 956 1470 996 ad-

57 1030 90 1056 15
110 1017 229 1070 sequi
262 1018 492 1070 temptant:
539 1016 844 1070 paenitentiam
879 1016 1128 1057 secessionis
1160 1016 1359 1057 simulare
1401 1016 1469 1056 de-

110 1078 328 1116 creverant
348 1079 390 1117 et
410 1090 610 1116 excusare
630 1076 743 1129 apud
763 1090 907 1130 regem
929 1076 1319 1116 consternationem
1337 1090 1468 1116 suam.

109 1134 299 1188 Interim,
332 1135 404 1188 qui
430 1134 582 1176 Persas
610 1136 902 1188 sollicitarent,
935 1135 1177 1176 mittuntur.
1237 1134 1351 1176 Hinc
1383 1149 1468 1189 spe,

109 1194 208 1235 hinc
242 1196 357 1236 metu
384 1194 592 1236 militares
619 1195 784 1236 animos
812 1197 997 1235 versant:
1030 1195 1176 1236 ruinae
1203 1209 1345 1236 rerum
1373 1194 1469 1235 sub-

110 1254 207 1295 dere
233 1254 330 1295 illos
352 1255 503 1308 capita,
535 1255 579 1295 in
599 1255 829 1308 perniciem
851 1253 977 1308 trahi,
1002 1267 1098 1295 cum
1120 1254 1274 1295 Bactra
1293 1256 1470 1308 pateant

56 1327 90 1352 20
111 1315 340 1367 exceptura
384 1328 454 1355 eos
499 1313 623 1355 bonis
662 1317 705 1354 et
745 1314 981 1368 opulentia,
1027 1314 1180 1354 animis
1213 1328 1340 1367 quam
1373 1328 1469 1354 con-

39 1373 89 1407 29
111 1373 249 1427 cipere
281 1387 368 1414 non
400 1373 579 1427 possint.
630 1372 747 1414 Haec
773 1373 1037 1428 agitantibus
1058 1372 1298 1414 Artabazus
1326 1387 1468 1426 super-

111 1433 226 1473 venit
258 1432 347 1473 sive
380 1433 491 1488 regis
530 1434 649 1473 iussu
682 1434 769 1474 sive
803 1447 877 1472 sua
911 1435 1064 1486 sponte
1096 1433 1325 1473 adfirmans
1357 1432 1468 1473 miti-

111 1495 257 1546 gatum
291 1506 381 1532 esse
414 1491 599 1533 Dareum
638 1495 679 1533 et
711 1492 892 1533 eundem
925 1491 1010 1532 illis
1043 1492 1256 1532 amicitiae
1289 1491 1469 1546 gradum

112 1554 256 1605 patere
288 1551 399 1605 apud
433 1566 588 1606 regem.
648 1550 717 1592 Illi
749 1552 1020 1593 lacrimantes
1052 1566 1165 1592 nunc
1197 1566 1380 1606 purgare
1413 1566 1468 1603 se,

57 1624 90 1649 25
110 1624 223 1651 nunc
254 1609 515 1652 Artabazum
560 1625 698 1663 orare,
742 1614 790 1652 ut
834 1625 1004 1651 causam
1048 1611 1242 1664 ipsorum
1278 1613 1470 1652 tueretur

111 1684 340 1724 precesque
373 1671 590 1724 perferret.
643 1669 713 1710 Sic
744 1674 916 1724 peracta
947 1673 1071 1711 nocte
1105 1670 1182 1711 sub
1215 1671 1322 1711 lucis
1350 1684 1468 1711 exor-

111 1732 202 1770 tum
234 1729 388 1771 Bessus
420 1732 462 1770 et
487 1728 757 1770 Nabarzanes
791 1743 888 1771 cum
908 1729 1147 1770 Bactrianis
1181 1729 1392 1770 militibus
1426 1728 1469 1769 in

110 1789 322 1830 vestibulo
374 1788 576 1842 praetorii
620 1788 794 1829 aderant
839 1789 1014 1830 titulum
1067 1789 1287 1830 sollemnis
1339 1788 1469 1830 officii

111 1849 279 1889 occulto
314 1849 460 1889 sceleri
492 1848 788 1902 praeferentes.
846 1847 1009 1889 Dareus
1043 1849 1166 1903 signo
1199 1848 1251 1888 ad
1284 1848 1466 1889 eundum

208 1957 224 1986 1
254 1955 291 1986 et
311 1965 376 1986 om.
398 1956 433 1987 L.
520 1957 539 1986 5
565 1953 664 1996 regis
684 1953 973 1987 Freinshemius:
1002 1953 1164 1996 regionis
1185 1956 1223 1986 A.
1307 1956 1325 1985 6
1354 1952 1469 1986 conti-

111 2000 241 2045 gisset]
271 2000 497 2044 contigesset
516 2004 542 2033 P
564 2012 605 2033 m.
621 2012 680 2044 pr.
775 2004 794 2034 9
815 2000 955 2046 vivum]
976 2001 1121 2034 uiuium
1138 2004 1177 2034 V.
1273 2003 1315 2033 10
1342 2000 1464 2044 prodi-

110 2047 266 2092 tionem]
292 2047 548 2091 prodicionem
574 2051 609 2081 L.
687 2050 729 2080 18
750 2059 871 2081 rerum
891 2051 933 2081 P:
960 2048 1014 2082 rei
1042 2052 1074 2081 C.
1150 2052 1193 2081 ⁶20
1220 2047 1326 2081 bonis
1354 2049 1467 2082 Bent-

113 2095 218 2129 levius:
247 2094 353 2128 donis
374 2098 412 2129 A.
513 2098 555 2128 22
584 2094 801 2140 adfimans]
829 2097 866 2129 et
892 2095 1040 2129 firmans
1061 2099 1100 2128 V.
1177 2099 1220 2128 24
1247 2105 1406 2139 purgare
1433 2098 1465 2127 1:

112 2153 267 2186 pergare
296 2146 321 2175 P
353 2155 394 2176 m.
423 2154 491 2185 pn,
522 2152 676 2187 pergere
706 2147 761 2176 ΟΡ
791 2154 835 2176 m.
865 2154 929 2177 see.
1029 2146 1072 2176 26
1097 2142 1292 2187 perferret]
1329 2141 1469 2186 perfer—

112 2192 171 2222 rat
195 2193 233 2223 V.
315 2191 482 2223 exortum
518 2194 556 2223 C:
596 2191 726 2224 exortu
751 2194 787 2223 P.
874 2193 916 2223 *27
950 2190 1084 2223 Bessus
1110 2190 1195 2223 (cdd.
1217 2194 1243 2223 Ι.
1326 2189 1470 2223 Nabar-

112 2237 237 2282 zanes]
272 2236 482 2271 nabazanes
512 2241 547 2272 P.
666 2241 709 2271 28
746 2237 902 2271 aderant
938 2237 1160 2272 Gronovius:
1195 2237 1324 2271 aderat
1357 2240 1396 2270 A.

113 2282 318 2329 sollemnis]
349 2283 523 2318 solemnis
551 2288 655 2317 LPV.
792 2287 835 2319 29
864 2284 1008 2330 sceleri]
1037 2284 1173 2319 scelere
1200 2289 1224 2317 P
1247 2297 1289 2318 m.
1306 2296 1377 2328 pr„
1412 2295 1470 2318 cea

113 2330 180 2364 leri
205 2335 244 2364 V.
344 2331 522 2376 eundum]
550 2332 709 2366 eundem
735 2336 804 2365 FP.

1495 671 1514 700 6

1498 849 1515 858 ,-

1502 860 1509 878 d

1496 971 1515 994 δ’

1497 1149 1515 1176 ¹.)

1498 1383 1540 1414 10

1498 1564 1536 1591 11

1499 1681 1540 1710 12
