1610 2522
471 608 532 673 Q.
569 607 822 661 CURTI
855 607 1055 660 RUFI

576 739 945 778 HISTORIARUM

199 869 883 933 ALEXANDRI
942 869 1317 933 MAGNI

590 1009 930 1052 MACEDONIS

633 1150 776 1185 LIBER
802 1151 896 1187 VIH.

35 1277 53 1311 1
174 1271 416 1313 Alexander
459 1272 618 1314 maiore
663 1271 777 1313 fama
822 1287 948 1326 quam
984 1272 1121 1328 gloria
1154 1273 1197 1314 in
1230 1272 1477 1314 dicioneml

85 1331 253 1372 redacta
285 1335 417 1385 petra,
456 1346 550 1372 eum
584 1335 760 1386 propter
792 1346 946 1387 vagum
979 1332 1145 1374 hostem
1181 1332 1442 1387 spargendae

86 1406 235 1432 manus
280 1393 436 1443 essent,
480 1391 522 1431 in
568 1394 652 1431 tres
698 1393 840 1445 partes
874 1391 1020 1433 divisit
1053 1391 1296 1432 exereitum.
1359 1390 1442 1432 He-

86 1450 380 1505 phaestionem
413 1451 499 1504 uni,
534 1449 705 1492 Coenon
739 1450 861 1491 alteri
892 1451 1019 1493 duces
1047 1451 1231 1504 dederat,
1264 1451 1353 1505 ipse
1381 1465 1444 1492 ee-

51 1528 65 1553 5
88 1510 190 1551 teris
228 1512 432 1563 praeerat.
497 1508 579 1550 Sed
611 1524 698 1551 non
731 1510 876 1551 eadem
911 1525 1029 1551 mens
1063 1510 1261 1552 omnibus
1295 1510 1441 1552 barba-
1470 1523 1488 1552 2

86 1569 144 1610 ris
186 1569 285 1610 suit:
329 1568 455 1610 armis
489 1569 661 1623 quidam
695 1569 877 1619 subacti,
922 1571 1065 1624 plures
1099 1574 1196 1611 ante
1230 1572 1442 1611 certamen

88 1629 297 1683 imperata
335 1628 536 1669 fecerunt.
612 1627 774 1678 Quibus
813 1643 978 1683 eorum,
1023 1629 1096 1684 qui
1130 1629 1172 1670 in
1207 1629 1443 1671 defectione

86 1691 476 1742 perseveraverant,
527 1688 653 1729 urbes
698 1702 907 1744 agrosque
951 1689 1077 1730 iussit
1122 1689 1310 1730 attribui.
1386 1688 1444 1730 At
1470 1702 1489 1731 3

89 1749 231 1789 exules
276 1747 491 1788 Bactriani
540 1762 634 1788 cum
680 1759 798 1789 DCCC
844 1748 1181 1804 Massagetarum
1227 1748 1442 1802 equitibus

36 1826 68 1849 ιο
88 1807 305 1861 proximos
348 1806 463 1847 vicos
497 1810 779 1848 vastaverunt.
841 1807 910 1849 Ad
943 1822 1048 1862 quos
1081 1808 1336 1849 coercendos
1368 1807 1445 1849 At-

88 1867 211 1920 tinas,
243 1866 429 1921 regionis
463 1866 552 1907 eius
580 1867 832 1921 praefectus,
867 1878 950 1909 CCC
983 1867 1146 1921 equites
1180 1866 1444 1919 insidiarum,

90 1940 196 1979 quae
234 1925 514 1980 parabantur,
557 1926 731 1981 ignarus
771 1927 926 1968 eduxit.
992 1926 1186 1980 Namque
1228 1926 1366 1968 hostis
1400 1927 1443 1967 in
1471 1940 1489 1968 4

89 1984 206 2025 silvis
227 2009 284 2013 —-
305 1987 346 2025 et
374 1988 491 2025 erant
518 1986 628 2026 forte
655 1999 804 2039 eampo
828 1987 998 2027 iunctae
1019 2011 1073 2014 —
1096 1989 1306 2027 armatum
1332 1986 1443 2026 mili-

186 2094 202 2123 1
244 2089 442 2135 dicionem]
483 2089 662 2124 ditionem
696 2094 727 2124 C.
884 2095 903 2124 3
937 2090 1255 2135 Hephaestionem
1291 2092 1443 2135 Cospus:

92 2136 346 2180 ephestionem
373 2140 401 2170 A
428 2137 699 2182 [ephestionem
725 2138 781 2183 V].
881 2142 901 2172 4
929 2137 1075 2172 Coenon
1103 2138 1238 2173 Aldus:
1268 2149 1383 2172 cenon
1404 2142 1443 2172 A.

91 2187 111 2217 8
138 2183 309 2229 attribui]
348 2184 499 2218 adtribu
525 2188 567 2227 P,
606 2186 646 2218 ‘in
679 2188 704 2218 B
728 2185 740 2219 i
767 2187 804 2220 in
835 2198 904 2220 ras.
1065 2189 1084 2219 9
1121 2186 1226 2230 Dccc]
1262 2190 1373 2220 offen*
1407 2190 1442 2219 P.

94 2235 134 2264 12
162 2231 330 2277 ignarus]
355 2233 440 2266 hinc
473 2233 603 2276 incipit
633 2234 877 2278 fragmentum
904 2234 1237 2277 Herbipolitamom.
1339 2237 1380 2266 13
1409 2236 1445 2267 et

92 2280 196 2312 erant
215 2278 310 2312 forte
332 2290 462 2323 campo
482 2283 523 2313 P:
551 2291 646 2323 quae
667 2282 773 2314 erant
793 2280 888 2315 forte
910 2291 1040 2325 campo
1062 2283 1122 2313 BF
1143 2291 1232 2315 carr.
1254 2284 1278 2313 L
1300 2292 1388 2315 corr.
1404 2284 1444 2322 V,

92 2328 129 2360 et
155 2336 250 2369 quae
270 2329 372 2360 erant
393 2326 488 2361 forte
509 2338 639 2371 campo
660 2331 687 2361 F
706 2340 750 2362 m.
766 2340 837 2372 pr..
865 2339 982 2372 equae
1004 2330 1040 2362 et
1067 2330 1172 2361 erant
1192 2329 1286 2362 forte
1314 2339 1444 2372 campo

93 2377 117 2406 L
140 2385 182 2407 m.
197 2385 269 2418 pr„
298 2375 334 2407 et
360 2374 453 2408 forte
481 2385 610 2418 campo
639 2377 742 2409 erant
769 2379 812 2409 Η.
