1610 2522
71 328 115 360 20

69 567 109 598 21

71 746 114 776 22

70 1102 114 1133 23

70 1282 114 1312 24

72 1575 120 1611 V1

144 89 226 130 128
647 90 687 131 Q.
716 89 860 124 Ct'R'ri
886 90 999 125 RUFI

140 200 312 251 linguae
345 200 647 241 ‹·ommercium
681 199 807 240 etiam
836 214 860 239 a
888 198 1078 240 barbaris
1111 200 1264 253 expeti,
1299 214 1405 253 quae
1439 199 1499 240 in-

141 259 286 313 genita
319 259 401 313 ipsi
435 258 633 300 omissuri
668 260 753 300 sint
787 273 863 299 sua
895 261 1059 313 sponte,
1091 273 1174 299 non
1198 258 1252 300 ob
1274 258 1390 301 aliud
1411 262 1496 300 tam

145 318 402 370 calamitosi,
443 333 570 371 quam
611 318 725 371 quod
764 317 848 359 illis
883 332 1022 359 carere
1061 319 1196 360 coacti
1231 321 1382 360 essent.
1445 316 1498 359 Se

141 380 254 419 certe
292 377 528 418 rediturum
570 377 621 418 ad
667 381 841 432 penates
890 380 931 418 ct
983 377 1023 418 in
1069 377 1254 432 patriam
1292 380 1499 431 tantoque

140 437 346 479 beneficio
380 438 492 492 regis
513 451 710 478 usurum:
744 438 778 478 si
813 451 919 490 quos
948 436 1217 478 contubernii
1249 437 1499 478 liberorum-

141 512 233 550 que,
267 512 375 550 quos
409 496 591 537 servitus
625 496 837 551 coegisset
862 510 1103 551 agnoscere,
1135 511 1254 538 amor
1279 496 1500 547 detineret,

141 556 448 610 relinquerent,
488 556 644 610 quibus
687 555 794 596 nihil
835 556 974 610 patria
1016 557 1153 597 carius
1185 559 1306 598 esset.
1370 555 1498 597 Pauci

141 615 267 656 huius
301 616 536 657 sententiae
558 615 689 669 fuere,
710 618 875 656 ceteros
902 615 1164 656 consuetudo
1185 618 1336 657 natura
1356 615 1501 670 potior

141 675 253 716 vicit.
317 674 636 716 Consenserunt
667 674 896 729 petendum
924 688 1013 715 esse
1040 690 1064 715 a
1088 689 1198 730 rege,
1230 677 1277 715 ut
1309 675 1499 728 aliquam

143 735 246 788 ipsis
287 735 541 776 attribueret
573 734 726 775 sedem.
792 746 816 774 C
849 734 902 775 ad
941 734 1021 774 hoc
1053 734 1176 776 electi
1210 737 1319 776 sunt.
1383 732 1499 783 Quos

141 792 382 836 Alexander
414 797 549 846 ratus,
596 793 710 847 quod
750 793 838 848 ipse
878 796 1093 847 praestare
1126 793 1356 848 cogitabat,
1396 793 1501 847 peti-

141 856 275 895 turos:
311 852 550 907 ‘Iumenta',
582 853 734 907 inquit,
763 853 1006 909 ‘adsignari‚
1039 868 1146 907 quae
1180 868 1254 894 vos
1288 854 1502 902 veherent,

140 923 181 953 et
225 912 406 968 singulis
446 917 635 955 vestrum
674 913 791 954 milia
829 912 1048 954 denarium
1084 913 1174 954 dari
1214 913 1330 954 iussi.
1394 911 1500 953 Cum

141 973 352 1014 redieritis
386 973 428 1014 in
464 972 696 1024 Graeciam,
730 973 967 1026 praestabo,
995 987 1046 1013 ne
1080 973 1152 1026 qui
1185 975 1343 1013 statum
1365 986 1502 1024 suum,

142 1032 177 1073 si
209 1032 314 1074 haec
347 1032 566 1073 calamitas
600 1032 730 1085 absit,
770 1035 910 1074 vestro
952 1032 1095 1075 credat
1128 1046 1218 1073 esse
1250 1032 1499 1073 meliorem.’

141 1090 210 1132 Illi
244 1092 408 1133 obortis
434 1092 622 1133 lacrimis
650 1095 804 1132 terram
832 1092 1111 1133 intuebantur
1137 1105 1214 1133 nec
1240 1094 1314 1132 aut
1339 1091 1502 1146 erigere

141 1152 284 1192 vultus
317 1154 390 1192 aut
423 1152 543 1205 loqui
576 1150 806 1192 audebant:
838 1151 1009 1193 tandem
1042 1165 1141 1206 rege
1172 1150 1374 1192 tristitiae
1406 1164 1502 1191 cau-

141 1225 230 1251 sam
270 1211 466 1266 exigente
505 1210 743 1252 Euctemon
784 1210 939 1252 similia
978 1211 1048 1262 iis,
1087 1225 1194 1264 quae
1234 1210 1278 1251 in
1323 1209 1501 1251 consilio

143 1270 325 1324 dixerat,
371 1270 603 1324 respondit.
678 1270 823 1324 Atque
874 1270 945 1311 ille
986 1284 1073 1311 non
1116 1270 1312 1311 fortunae
1364 1270 1500 1310 solum

142 1344 301 1383 eorum,
334 1330 406 1370 sed
433 1329 561 1371 etiam
583 1329 869 1384 paenitentiae
900 1329 1117 1371 miseritus
1136 1332 1257 1370 terna
1283 1329 1403 1370 milia
1435 1328 1501 1370 de·
1524 1345 1538 1369 ε

143 1390 359 1430 uariorum
383 1389 566 1444 singulis
599 1390 688 1430 dari
709 1389 851 1431 iussit:
885 1389 1015 1431 denae
1036 1393 1173 1430 vestes
1194 1388 1382 1430 adiectae
1403 1392 1500 1430 sunt

141 1452 184 1490 et
215 1451 407 1490 armenta
440 1463 535 1490 cum
572 1448 798 1503 pecoribus
843 1463 888 1490 ac
927 1449 1142 1490 frumento
1182 1448 1298 1501 data,
1338 1451 1385 1488 ut
1419 1448 1501 1490 coli

142 1509 310 1562 serique
342 1508 576 1550 attributus
608 1509 659 1550 iis
692 1522 793 1564 ager
818 1512 973 1562 posset.

231 1567 408 1609 Postero
430 1567 496 1609 die
519 1570 774 1609 convocatos
796 1568 921 1610 duces
944 1568 1162 1622 copiarum
1185 1567 1308 1608 docet
1339 1567 1498 1608 nullam

143 1627 405 1669 infestiorem
437 1627 586 1669 urbem
621 1626 792 1669 Graecis
831 1642 920 1668 esse
953 1642 1079 1681 quam
1112 1627 1272 1683 regiam
1304 1629 1494 1668 veterum

241 1784 256 1813 1
281 1780 557 1826 commercium]
586 1780 841 1814 commertium
863 1783 931 1814 FL.
1013 1780 1182 1825 ingenita
1209 1779 1499 1814 Iv'reinshemius:

142 1827 311 1872 ingentia
346 1831 382 1861 A.
508 1832 526 1861 2
561 1828 748 1874 omissuri]
783 1827 980 1862 obmissuri
1013 1832 1045 1861 c.
1170 1827 1244 1860 sint
1278 1826 1499 1861 1⁴'robent'ns2

144 1877 229 1908 sunt
257 1878 296 1909 A.
430 1880 448 1910 3
486 1875 622 1920 coacti]
659 1875 810 1919 quoacti
836 1878 871 1909 L.
1002 1880 1022 1908 4
1055 1874 1225 1920 penates]
1259 1876 1436 1918 poenates
1463 1877 1498 1907 P.

145 1926 163 1956 7
197 1921 451 1966 relinquerent
486 1927 517 1956 1:
554 1923 782 1966 relinqueret
807 1926 846 1956 A.
993 1925 1089 1956 esset
1125 1923 1334 1965 Zumptius:
1371 1924 1424 1955 est
1459 1925 1498 1955 A.

145 1974 164 2002 ὅ
199 1969 338 2015 potior]
372 1971 499 2014 pocior
523 1974 566 2012 P,
599 1971 727 2014 pacior
751 1973 791 2004 V.
940 1972 982 2004 10
1016 1969 1251 2014 attribueret]
1291 1967 1499 2003 adtriburet

144 2021 170 2050 P
190 2029 234 2052 -ηι,
251 2029 308 2061 pr.
411 2018 442 2062 ι’]
473 2022 493 2051 ἶ
520 2021 579 2050 FL
608 2030 649 2051 m.
667 2030 724 2061 pr.
747 2021 785 2051 V.
886 2016 994 2051 electi
1031 2017 1261 2051 Vindelinns:
1297 2016 1434 2050 adlecti
1459 2019 1497 2050 Δ.

148 2069 186 2097 11
224 2065 341 2110 ratus]
388 2061 518 2109 raptus
544 2069 583 2099 V.
735 2064 943 2110 cogitabat]
977 2064 1168 2107 cagitabat,
1200 2068 1234 2098 P.
1365 2068 1406 2097 12
1446 2064 1500 2098 in-

145 2112 242 2156 quit!
282 2112 413 2155 inquid
453 2116 492 2146 V.
652 2112 861 2157 adsignari]
904 2112 1103 2155 adsignare
1139 2115 1178 2146 V.
1341 2116 1381 2144 13
1418 2111 1498 2145 dari

145 2159 249 2203 iussi]
285 2160 410 2193 darius
443 2160 472 2194 si
501 2164 526 2192 F
555 2173 596 2194 m.
614 2172 672 2203 pr.
701 2163 725 2192 L
752 2172 795 2193 m.
820 2172 878 2203 pr.
900 2163 928 2192 V
958 2172 999 2194 m.
1023 2172 1104 2203 pr„
1139 2159 1298 2193 darius-‚is
1378 2170 1497 2203 m.pr.

148 2210 188 2241 16
217 2207 373 2252 obortis]
401 2206 568 2241 obhortis
595 2210 705 2240 FPV.
829 2207 908 2252 aut]
937 2207 1037 2241 haud
1064 2211 1089 2240 P
1111 2220 1152 2241 m.
1171 2219 1228 2251 pr.
1349 2210 1388 2241 17
1418 2207 1499 2252 aut]

145 2254 244 2287 haud
271 2258 296 2287 P
319 2268 361 2288 m,
381 2267 435 2298 pr.
539 2258 580 2288 18
608 2254 827 2298 Euctemon]
855 2256 1037 2288 euctenon
1064 2259 1098 2288 F.
1206 2260 1243 2287 19
1271 2253 1408 2299 Atque]
1435 2255 1499 2289 ad-

143 2313 216 2345 que
243 2306 310 2335 LPi
436 2306 479 2336 20
513 2303 698 2336 miseritus
734 2303 879 2345 scripsi:
915 2302 1110 2336 miseretur
1136 2306 1172 2335 A.
1299 2306 1339 2337 ⁶21
1375 2302 1498 2349 iussit]

144 2350 238 2384 ussit
265 2353 290 2382 P
314 2363 355 2383 m.
375 2362 430 2393 pr.

1523 751 1554 774 10

1524 1048 1554 1073 15

1523 1568 1573 1603 :30
