1610 2522
138 101 220 143 158
639 104 678 140 ¹2.
707 99 849 135 CURTI
878 100 988 134 RUFI

135 211 285 251 ultima
307 209 493 251 Orientis
513 224 737 265 peragrare
759 209 992 262 statuisset,
1016 208 1253 263 praefectos
1275 209 1490 263 copiarum

136 270 177 310 in
219 269 477 323 praetorium
517 268 730 310 contrahit
771 268 1021 322 obortisque
1053 267 1239 309 lacrimis
1271 282 1323 309 ex
1353 268 1492 309 medio

135 329 297 383 gloriae
343 329 481 383 spatio
526 327 714 369 revocari
761 342 803 369 se
848 328 951 368 victi
986 327 1123 382 magis
1157 341 1282 381 quam
1317 328 1492 369 victoris

69 401 107 429 1⁴.)
135 390 351 429 fortunam
397 388 441 429 in
486 387 668 442 patriam
715 388 947 428 relaturum
995 389 1252 440 conquestus
1292 389 1372 428 est:
1416 401 1494 427 nec

137 447 218 488 sibi
252 447 465 503 ignaviam
493 447 677 488 militum
706 446 888 499 obstare,
921 446 993 486 sed
1020 446 1143 486 deum
1172 446 1388 499 invidiam,
1421 446 1492 500 qui
1533 463 1549 488 ⁵

135 506 384 547 fortissimis
411 506 515 547 viris
537 506 723 547 subitum
746 506 909 560 patriae
931 505 1185 546 desiderium
1207 505 1496 546 admovissent

136 567 264 619 paulo
303 569 401 621 post
442 567 486 606 in
520 565 693 606 eandem
729 580 824 606 cum
857 564 1016 606 maiore
1048 564 1171 605 laude
1204 565 1401 619 famaque
1434 579 1493 605 re-

66 637 109 666 ·30
138 626 302 667 ditur-is
353 625 462 666 Tum
490 640 590 666 vero
618 640 695 679 pro
724 639 765 665 se
794 625 974 678 quisque
996 638 1169 678 operam
1191 639 1308 665 suam
1330 624 1494 677 offerre,

138 685 391 726 difficillima
426 699 618 751 quaeque
651 698 842 738 poscere,
877 684 1071 737 polliceri
1104 684 1289 725 militum
1324 697 1495 737 quoque

137 744 402 798 obsequium,
435 745 470 785 si
503 745 667 785 animos
700 758 845 784 eorum
879 743 964 784 leni
991 746 1033 783 et
1060 746 1160 797 apta
1186 743 1377 784 oratione
1404 757 1494 797 per-
1516 760 1550 785 ιο

66 816 103 844 21
138 805 321 845 mulcere
359 804 584 845 voluisset:
630 817 861 857 numquam
901 802 1104 844 infractos
1137 805 1177 842 et
1210 802 1398 844 abiectos
1430 817 1489 843 re-

140 863 330 915 cessisse,
382 864 578 917 quotiens
631 863 764 917 ipsius
812 862 1075 903 alacritatem
1127 864 1168 902 et
1211 862 1320 902 tanti
1366 862 1496 902 animi

139 924 315 977 spiritus
357 923 527 964 haurire
566 922 817 977 potuissent.
881 921 945 962 lta
985 936 1028 962 se
1066 921 1278 962 facturum
1313 935 1403 962 esse
1435 935 1496 961 re—

138 983 331 1037 spondit:
370 983 433 1024 illi
466 982 593 1023 modo
626 981 745 1038 vulgi
778 996 900 1022 aures
932 983 1236 1035 praepararent
1267 980 1360 1021 sibi.
1424 979 1495 1022 Sa-

137 1044 278 1095 tisque
300 1042 512 1096 omnibus,
545 1056 653 1096 quae
679 1041 722 1081 in
742 1056 830 1082 rem
853 1041 1107 1081 videbantur
1127 1054 1229 1094 esse,
1262 1040 1496 1095 conpositis
1516 1057 1550 1082 15

138 1102 280 1142 vocari
308 1101 360 1142 ad
387 1102 631 1142 contionem
659 1102 893 1142 exercitum
921 1101 1056 1149 iussit,
1084 1099 1196 1154 apud
1218 1113 1341 1153 quem
1366 1100 1495 1140 talem

67 1164 116 1198 III
145 1161 380 1202 orationem
400 1160 569 1201 habuit:
596 1160 950 1215 ‘Magnitudinem
971 1174 1124 1213 rerum,
1150 1173 1254 1213 quas
1274 1159 1497 1215 gessimus,
1520 1164 1537 1197 ΐ

140 1221 315 1275 milites,
362 1220 629 1261 intuentibus
670 1219 793 1261 vobis
825 1219 999 1260 minime
1032 1219 1187 1259 mirum
1221 1221 1285 1259 est
1317 1221 1359 1259 et
1392 1218 1496 1259 desi-

91 1280 299 1321 ·2·derium
357 1280 512 1333 quietis
558 1283 599 1321 et
644 1279 884 1320 satietatem
929 1279 1089 1334 gloriae
1133 1292 1361 1320 occurrere.
1437 1276 1497 1319 Ut

138 1340 333 1381 omittam
361 1338 544 1393 Illyrios,
578 1338 804 1391 Tribafl0s‚
838 1338 1073 1390 Boeotiam,
1107 1337 1342 1390 Thraciam,
1374 1336 1498 1391 Spar-
1516 1355 1551 1380 20

138 1402 236 1453 tam,
270 1398 475 1453 Achaeos,
508 1373 864 1466 Peloponnesum,
898 1412 1079 1452 quorum
1113 1397 1193 1438 alia
1228 1397 1354 1437 ductu
1392 1411 1497 1450 meo,

91 1472 110 1499 3
139 1458 219 1499 alia
266 1459 446 1512 imperio
493 1458 768 1512 auspicioque
803 1457 1045 1512 perdomui,
1090 1470 1183 1497 ecce
1217 1456 1300 1497 orsi
1336 1456 1496 1497 bellum

138 1518 189 1558 ab
223 1517 505 1572 Hellesponto
539 1517 682 1570 Ionas,
722 1516 942 1557 Aeolidem
977 1516 1150 1557 servitio
1184 1515 1404 1556 barbariae
1437 1515 1497 1556 in—

139 1578 326 1630 potentis
378 1577 631 1631 exemimus,
683 1575 868 1629 Cariam,
918 1575 1120 1629 Lydiam,
1172 1574 1496 1629 Cappadociam,

143 1636 384 1692 Phrygiam,
430 1636 781 1693 Paphlagoniam,
824 1635 1137 1689 Pamphyliam,
1182 1633 1358 1686 Pisidas,
1399 1633 1550 1677 Cili-25

237 1745 254 1774 7
283 1742 439 1776 eandem
466 1746 500 1775 1:
527 1742 657 1776 eadem
685 1744 724 1774 A.
802 1744 844 1774 10
871 1739 962 1785 leni]
989 1739 1078 1774 lieni
1104 1743 1139 1773 P.
1217 1743 1258 1772 11
1285 1738 1496 1783 recessisse]

139 1801 280 1823 recesse
306 1793 332 1822 P
354 1801 471 1833 nupta
573 1792 614 1822 12
642 1788 829 1833 quotiens]
857 1788 1031 1831 quociens
1058 1791 1097 1820 V.
1200 1790 1241 1820 13
1271 1786 1495 1831 potuissent]

139 1836 323 1881 potuisset
342 1840 368 1869 P
390 1849 432 1870 m.
453 1848 506 1877 pr.
610 1840 651 1870 14
678 1835 960 1881 praepararent]
987 1837 1211 1879 praeparent
1229 1838 1264 1868 P.
1366 1837 1407 1867 16
1434 1845 1496 1867 vo-

140 1884 230 1929 cari]
259 1884 406 1918 uocari*
434 1888 469 1917 P.
574 1888 614 1918 19
642 1885 678 1918 et
706 1883 935 1927 satietatem]
963 1885 999 1916 et
1026 1882 1243 1916 sacietatem
1270 1884 1295 1914 Β
1317 1893 1359 1915 m.
1376 1893 1433 1925 pr.
1455 1883 1496 1922 V,

140 1931 187 1966 ad
221 1931 438 1966 societatem
464 1935 500 1964 L.
648 1935 692 1965 20
718 1930 864 1974 illyrios
897 1931 1186 1964 Freinshemius:
1220 1928 1352 1962 illirios
1384 1931 1422 1961 A.

140 1979 333 2013 Boeotiam
359 1980 494 2013 Aldus:
523 1978 688 2013 boetiam
714 1981 753 2012 A.
876 1977 1088 2022 Thraciam]
1115 1976 1293 2010 thratiam
1319 1979 1396 2016 FL,
1422 1976 1496 2008 tra-

141 2027 237 2060 ciam
260 2030 295 2060 P.
403 2030 443 2059 21
472 2026 768 2070 Peloponnesum
792 2026 965 2060 Zammac
995 2023 1287 2069 peloponensum
1311 2026 1339 2056 A
1366 2022 1495 2068 [melo-

140 2085 346 2118 ponensum
365 2074 418 2119 F]
494 2078 536 2108 22
562 2072 819 2118 auspicioque]
841 2083 905 2106 aus
909 2072 1095 2116 pitiosque
1119 2075 1144 2104 P
1170 2083 1210 2105 m
1228 2082 1286 2115 pr.
1367 2070 1442 2104 orsi
1461 2073 1494 2102 1:

140 2133 263 2155 orsum
283 2124 322 2155 A.
408 2125 451 2155 23
479 2121 526 2155 ab
546 2125 579 2154 1:
602 2121 649 2154 ad
670 2124 709 2154 A.
793 2119 998 2164 inpotentis
1020 2123 1053 2153 1:
1073 2119 1285 2162 inpotentes
1308 2121 1329 2150 C
1350 2117 1496 2163 [poten-

139 2171 194 2203 tes
216 2172 241 2201 Β
261 2181 306 2203 m.
321 2180 380 2213 pr.
386 2169 411 2214 ],
431 2169 650 2213 inpo*entes
670 2172 706 2201 P
782 2171 825 2200 ‘24
847 2166 1019 2212 Lydiam]
1040 2166 1172 2200 lidiam
1193 2170 1224 2199 c.
1301 2163 1496 2209 Cappado-

141 2217 253 2291 piam]
275 2216 516 2261 capadociam
533 2219 558 2249 B
581 2228 623 2249 m.
640 2227 697 2259 pr.
720 2219 760 2257 V,
782 2214 1020 2259 capadotiam
1041 2217 1100 2246 ΕΙ.
1120 2225 1163 2247 m.
1180 2225 1238 2258 pr.
1315 2216 1358 2246 25
1380 2212 1495 2256 Phry-

141 2264 239 2309 giam
268 2268 300 2297 1:
334 2263 484 2308 frigiam
504 2267 533 2297 A
559 2263 737 2309 [frigyam
764 2262 817 2308 F]
941 2260 1236 2306 Paphlagoniam
1262 2264 1294 2294 1:
1331 2269 1496 2304 papago-

140 2311 240 2345 niam
268 2314 306 2344 A.
406 2310 666 2355 Pamphyliam
694 2310 830 2345 Aldus:
861 2308 1107 2353 pamphiliam
1128 2311 1166 2343 A
1243 2307 1387 2341 Pisidas
1412 2307 1495 2340 Uo-

141 2360 240 2393 ‹Iius:
268 2358 457 2402 pisidesA
569 2357 754 2403 Ciliciam]
781 2356 939 2391 cilitiam
959 2360 994 2389 F.
