1610 2522
42 425 80 454 17

44 724 84 752 18

46 1199 86 1229 19

106 66 162 105 5⁸.)
610 67 648 107 Q.
678 65 817 100 ‹JUlt'rl
850 66 957 100 RUFI

109 175 266 216 dictum
308 179 383 227 est,
423 179 611 230 paratam
648 176 872 218 circumire
913 190 1056 217 muros
1097 176 1222 217 iubet.
1289 175 1460 231 Iamque

110 249 235 276 naves
264 235 355 275 urbi
379 235 566 289 undique
587 235 934 287 admovebantur,
962 238 1004 275 et
1024 235 1141 289 'l'yrii
1165 236 1460 290 desperatione

109 295 349 348 torpebant,
383 309 476 335 cum
505 294 647 335 subito
682 295 841 348 spissae
870 294 1003 335 nubes
1031 295 1246 336 intendere
1274 310 1317 336 se
1346 295 1460 337 caelo

109 358 161 407 et,
201 353 407 407 quidquid
449 354 554 394 lucis
588 353 876 398 internitebat.
916 356 1049 395 offusa
1089 355 1270 409 caligine
1304 356 1460 396 extinc-

110 417 197 454 tuni
251 416 324 454 est.
406 413 512 454 Tum
561 414 853 454 inhorrescens
904 428 1017 454 mare
1063 414 1265 468 paulatim
1320 414 1462 460 levari,
1501 432 1515 456 5

111 472 259 513 deinde
293 474 454 514 acriore
488 477 612 514 vento
647 474 907 514 concitatum
942 473 1094 514 fluctus
1129 474 1238 515 ciere
1278 477 1318 514 et
1353 475 1463 515 inter

111 548 154 573 se
182 533 351 586 navigia
379 532 603 575 conlidere.
667 532 841 587 Iamque
868 532 1000 574 scindi
1025 537 1256 587 coeperunt
1283 533 1464 588 vincula,

111 591 266 646 quibus
306 605 489 633 conexae
528 591 816 647 quadriremes
856 596 992 646 erant,
1034 607 1152 633 ruere
1191 592 1383 634 tabulata
1422 596 1465 634 et

112 666 204 692 cuni
243 652 406 705 ingenti
439 652 610 704 fragore
650 651 692 692 in
726 651 983 706 profundum
1018 666 1156 693 secum
1194 652 1350 694 milites
1383 656 1463 694 tra-

112 711 223 751 here.
287 710 436 765 Neque
477 712 587 753 enim
629 715 823 753 conserta
860 711 1032 767 navigia
1069 711 1156 753 ulla
1190 726 1269 766 ope
1302 712 1344 752 in
1379 715 1462 753 tur·
1487 730 1520 754 ιο

112 770 212 811 bido
246 771 335 822 regi
369 773 586 824 poterant:
626 771 747 812 miles
781 771 1017 812 ministeria
1050 775 1287 826 nautarum,
1325 786 1464 813 remex

114 830 261 871 militis
294 830 436 871 officia
468 830 682 882 turbabat,
715 834 767 882 et,
801 831 914 884 quod
955 832 996 872 in
1029 831 1237 872 eiusmodi
1271 845 1369 872 casu
1403 846 1465 872 ac-

112 889 226 942 cidit,
272 890 395 943 periti
450 889 608 945 ignaris
654 890 872 945 parebant.
948 890 1114 945 Quippe
1159 891 1466 946 gubernatores

113 949 216 990 alias
256 951 461 1004 imperare
501 949 616 990 soliti
655 953 745 990 tum
792 953 906 991 metu
945 950 1096 991 mortis
1138 950 1251 991 iussa
1290 965 1466 1005 exeque-

116 1010 279 1049 bantur.
342 1008 530 1050 Tandem
568 1010 696 1051 remis
729 1010 986 1063 pertinacius
1021 1010 1311 1051 everberatum
1352 1025 1465 1051 mare
1488 1026 1520 1052 15

114 1068 242 1109 veluti
278 1068 556 1122 eripientibus
596 1069 765 1124 navigia
799 1069 988 1110 classicis
1021 1070 1164 1123 cessit,
1204 1070 1466 1124 adpulsaque

114 1133 212 1169 sunt
246 1128 361 1169 litori
395 1128 578 1170 lacerata
611 1128 823 1183 pleraque.

204 1186 340 1228 Isdem
386 1188 497 1228 forte
543 1188 691 1229 diebus
739 1187 1157 1244 Carthaginiensium
1200 1189 1328 1243 legati
1373 1200 1465 1229 xxx
1491 1191 1537 1225 15

115 1249 432 1301 superveniunt,
465 1249 600 1303 magis
635 1247 818 1289 obsessis
845 1247 1050 1290 solacium
1087 1263 1212 1302 quam
1247 1247 1465 1290 auxilium.

115 1306 282 1361 Quippe
325 1307 558 1349 domestico
600 1307 713 1348 bello
756 1306 922 1348 Poenos
963 1308 1143 1362 inpediri
1187 1323 1262 1349 nec
1305 1307 1355 1348 de
1396 1309 1468 1348 im·
1490 1324 1523 1348 20

116 1367 245 1420 perio,
279 1366 350 1407 sed
383 1382 459 1421 pro
493 1367 629 1408 salute
656 1367 857 1408 dimicare
884 1367 1149 1408 nuntiabant.
1214 1367 1467 1421 Syracusani

115 1430 204 1467 tum
235 1426 423 1467 Africam
453 1426 632 1468 urebant
659 1431 699 1467 et
725 1426 837 1467 haud
864 1427 1011 1481 procul
1041 1427 1310 1481 Carthaginis
1337 1426 1469 1467 muris

116 1487 359 1526 locaverant
392 1490 541 1527 castra.
605 1485 704 1527 Non
744 1490 887 1527 tamen
926 1486 1114 1528 defecere
1153 1487 1305 1527 animis
1338 1485 1469 1541 Tyrii,

117 1560 373 1599 quamquam
402 1546 453 1587 ab
482 1546 644 1601 ingenti
674 1561 746 1599 spe
774 1546 969 1587 destituti
996 1550 1128 1598 erant,
1161 1546 1231 1587 sed
1266 1545 1468 1601 coniuges

118 1604 359 1658 liberosque
381 1604 647 1646 devehendos
671 1604 969 1660 Carthaginem
997 1605 1275 1659 tradiderunt,
1301 1605 1468 1658 fortius,
1489 1622 1523 1646 ‘25

118 1664 324 1718 quidquid
369 1665 589 1718 accideret,
636 1665 774 1718 laturi,
819 1666 851 1705 si
888 1666 1149 1706 carissimam
1197 1666 1261 1706 sui
1306 1668 1467 1719 partem

118 1727 236 1765 extra
277 1727 434 1766 sortem
467 1724 704 1766 communis
743 1724 919 1778 periculi
954 1724 1215 1766 habuissent.
1279 1724 1469 1778 Cumque

119 1798 228 1824 unus
271 1798 292 1824 e
335 1784 498 1824 civibus
542 1784 585 1825 in
627 1784 824 1824 contione
870 1783 1109 1838 indicasset,
1152 1784 1336 1825 oblatam
1379 1797 1470 1823 esse

119 1858 192 1897 per
219 1857 414 1884 somnum
450 1843 531 1884 sibi
560 1844 742 1897 speciem
771 1842 998 1897 Apollinis,
1031 1858 1154 1897 quem
1190 1843 1345 1884 eximia
1377 1842 1470 1883 reli-

119 1903 245 1957 gione
284 1902 489 1955 colerent,
528 1903 673 1944 urbem
721 1903 951 1944 deserentis
996 1903 1237 1958 molemque
1282 1917 1306 1943 a
1337 1901 1471 1943 Mace·
1491 1919 1525 1942 :io

215 2048 234 2076 :2
263 2044 390 2089 naves]
411 2043 516 2077 nauis
532 2048 563 2077 C,
640 2048 659 2077 4
681 2044 799 2078 offusa
823 2044 1044 2079 Gronovius:
1067 2044 1183 2077 effusa
1197 2046 1235 2076 A.
1312 2049 1330 2073 ⁸
1353 2043 1470 2087 ruere]

120 2101 206 2125 uere
233 2095 270 2125 V.
362 2096 399 2124 11
430 2091 525 2137 regi]
553 2102 637 2135 rege
664 2095 689 2124 P
718 2105 758 2125 m.
778 2103 833 2135 μν.
921 2096 962 2126 12
990 2092 1092 2137 casu]
1121 2102 1230 2125 eausa
1258 2093 1293 2124 B.
1376 2090 1472 2124 acci-

121 2138 191 2184 dit]
219 2138 364 2172 accedit
387 2142 412 2171 P
440 2151 482 2172 m.
500 2151 555 2182 pr.
635 2143 676 2173 15
705 2139 885 2184 'l'andemJ
913 2138 1088 2173 Tamdem
1118 2142 1152 2172 P.
1228 2138 1471 2182 pertinacius}

122 2186 344 2229 pertinatius
366 2190 400 2219 P.
477 2192 516 2220 21
549 2186 770 2229 Syracusani
799 2186 937 2220 mer:
975 2186 1178 2220 siracusam
1207 2189 1244 2219 Δ.
1322 2189 1364 2219 22
1394 2197 1469 2218 ure-

122 2234 228 2279 bant]
255 2234 436 2268 uuebant
457 2237 492 2266 L.
599 2234 851 2278 Carthaginis]
885 2234 1086 2277 cartaginis
1114 2237 1153 2270 V.
1180 2233 1407 2278 chartaginis
1436 2235 1470 2266 B.

122 2285 165 2314 ⁶25
187 2281 465 2326 Carthaginem}
489 2281 716 2326 cartaginem
734 2284 839 2314 BLV.
917 2285 958 2315 ⁶27
982 2281 1213 2326 habuissent}
1230 2280 1417 2314 habuisset
1435 2284 1469 2312 1..

123 2335 166 2362 :25
194 2329 373 2374 oblatam]
402 2329 565 2362 ablatam
594 2333 627 2362 1..
728 2334 771 2363 29
799 2328 992 2374 religione]
1021 2328 1204 2371 relegi-me
1231 2332 1264 2361 P.
