1610 2522
367 113 700 148 HISTORIARUM
727 113 1012 148 ALEXANDRI
1038 113 1080 157 X,
1109 117 1138 147 6.
1163 117 1192 148 7.
1368 113 1451 154 377

98 223 228 276 cibus,
261 223 510 264 confirmato
543 223 696 275 animo,
729 236 852 276 quem
877 221 1099 263 Perdiccae
1127 222 1341 264 cunctatio
1369 236 1455 263 ere-

97 285 237 323 xerat:
280 281 385 324 ‘Nec
423 282 464 322 di
497 282 677 335 sierint,'
722 282 879 336 inquit,
923 282 985 322 ‘ut
1017 280 1251 323 Alexandri
1282 281 1454 322 fortuna

97 342 290 396 tantique
321 342 441 396 regni
473 341 694 397 fastigium
727 342 771 381 in
803 341 909 382 istos
943 340 1142 382 humeros
1175 344 1286 382 ruat:
1320 341 1454 382 homi-

97 416 170 442 ues
204 405 316 443 certe
342 416 429 442 non
454 400 598 442 ferent.
649 399 772 442 Nihil
800 400 894 442 dico
922 400 972 442 de
998 400 1294 454 nobilioribus,
1327 415 1453 454 quam

62 478 76 503 5
97 460 166 501 hic
199 464 278 514 est,
312 461 383 501 sed
417 460 466 501 de
498 459 600 500 viris
632 462 816 512 tantum,
855 459 1009 513 quibus
1041 460 1189 501 invitis
1222 460 1331 501 nihil
1362 474 1453 515 per—

97 519 186 573 peti
230 534 399 561 necesse
444 522 516 561 est.
580 518 670 560 Nec
702 534 802 560 vero
835 519 1031 572 interest,
1072 519 1271 560 Roxanes
1303 520 1454 573 filium,
1480 531 1523 562 21

98 579 350 633 quandoque
383 579 551 634 genitus
585 579 680 630 erit,
725 594 778 619 an
810 577 1042 620 Perdiccan
1074 593 1216 634 regem
1250 578 1454 633 habeatis,

97 652 191 679 cum
236 638 316 679 iste
361 638 437 679 sub
476 637 633 679 tutelae
671 638 810 692 specie
847 653 1026 693 regnum
1065 641 1346 692 occupaturus
1385 639 1452 679 sit.

96 695 245 751 Itaque
277 712 400 738 nemo
434 698 472 739 ei
502 712 576 738 rex
608 696 759 752 placet,
793 698 875 738 nisi
908 698 980 751 qui
1010 698 1198 738 nondum
1224 702 1350 738 natus
1377 702 1452 749 est,

43 776 76 800 10
97 760 139 797 et
170 757 213 796 in
246 760 365 798 tanta
402 757 590 799 omnium
623 757 896 797 festinatione
929 771 1015 798 non
1046 757 1158 798 iusta
1190 758 1334 810 modo,
1380 757 1453 798 sed

97 816 222 857 etiam
258 817 492 857 necessaria
524 818 694 857 exactos
726 830 890 857 menses
924 816 1039 857 solus
1072 820 1269 870 expectat
1301 820 1343 857 et
1369 817 1451 858 iam

96 875 258 916 divinat
305 890 459 916 marem
502 890 592 916 esse
634 878 896 929 conceptum.
960 875 1092 925 Quem
1134 891 1209 917 vos
1250 876 1453 917 dubitetis

94 938 288 989 paratum
318 950 405 976 esse
433 935 497 976 vel
525 934 732 976 subdere?
785 934 846 988 Si,
879 950 945 975 me
973 935 1066 976 dius
1093 935 1238 990 fidius,
1270 935 1452 976 Alexan-
1479 947 1524 977 22

97 994 170 1034 der
200 993 315 1035 hunc
345 994 469 1035 nobis
501 1009 643 1049 regem
675 1009 753 1048 pro
787 1009 829 1035 se
862 995 1116 1048 reliquisset,
1155 995 1197 1035 id
1231 995 1368 1036 solum
1402 1010 1452 1035 ex

42 1072 74 1097 15
95 1053 166 1106 iis,
211 1068 318 1107 quae
362 1053 628 1108 imperasset,
679 1068 766 1095 non
809 1054 1049 1095 faciendum
1094 1069 1183 1095 esse
1228 1069 1451 1096 censerem.

97 1111 208 1161 Quin
252 1113 384 1168 igitur
428 1113 478 1153 ad
523 1113 783 1167 diripiendos
821 1112 1043 1154 thesauros
1077 1114 1344 1155 discurritis?
1381 1114 1452 1155 ha·
1479 1125 1525 1156 23

94 1186 187 1212 rum
227 1172 334 1213 enin]
378 1187 507 1227 opum
545 1173 759 1228 regiarum
798 1173 947 1227 utique
989 1174 1174 1227 populus
1207 1176 1270 1214 est
1301 1173 1450 1214 heres.'

95 1230 211 1272 Haec
262 1232 453 1273 elocutus
504 1246 580 1286 per
623 1232 785 1273 medios
830 1235 1014 1273 armatos
1061 1234 1218 1286 erupit,
1268 1236 1327 1287 et,
1380 1233 1452 1287 qui
1479 1244 1524 1275 24

95 1290 267 1331 abeunti
294 1292 406 1332 viam
434 1291 646 1345 dederant,
673 1292 812 1345 ipsum
839 1291 891 1332 ad
913 1292 1232 1346 pronuntiatam
1254 1292 1452 1346 praedam

42 1368 75 1392 20
96 1350 393 1403 sequebantur.

25 1413 74 1447 22
183 1408 356 1463 Iamque
395 1412 654 1451 armatorum
694 1410 805 1451 circa
836 1410 1097 1465 Meleagrum
1129 1410 1328 1465 frequens
1362 1412 1449 1466 glo—
1469 1415 1539 1450 VH

95 1467 175 1508 bus
217 1471 304 1509 erat
347 1469 391 1509 in
433 1469 683 1510 seditionem
725 1484 773 1510 ac
806 1469 1057 1511 discordiam
1090 1485 1210 1511 versa
1245 1471 1451 1522 contione,

95 1540 189 1568 cum
229 1528 400 1581 quidam
437 1529 654 1582 plerisque
689 1528 970 1570 Macedonum
1008 1530 1182 1585 ignotus
1222 1545 1272 1570 ex
1306 1531 1452 1571 infima

94 1586 234 1639 plebe:
271 1586 395 1636 ‘Quid
435 1602 542 1642 opus
584 1587 680 1640 est,’
724 1588 882 1641 inquit,
929 1589 1071 1630 ‘armis
1105 1589 1304 1643 civilique
1336 1589 1451 1631 bello

41 1664 73 1688 25
94 1645 350 1687 habentibus
383 1661 545 1701 regem,
590 1662 714 1700 quem
750 1648 980 1700 quaeritis?
1034 1648 1312 1702 Arrhidaeus,
1355 1648 1452 1689 Phi-
1479 1661 1498 1691 2

93 1704 212 1758 lippo
245 1706 426 1760 genitus,
459 1706 689 1747 Alexandri
722 1707 850 1761 paulo
878 1710 976 1748 ante
1001 1707 1115 1762 regis
1140 1708 1283 1761 frater,
1315 1722 1451 1749 sacro-

94 1778 187 1804 rum
216 1765 651 1820 caerimoniarumque
680 1780 854 1807 consors
880 1766 1019 1819 modo,
1045 1782 1158 1808 nunc
1182 1767 1297 1808 solus
1317 1767 1450 1821 heres,

93 1823 349 1877 praeteritur
381 1840 402 1864 a
430 1824 560 1865 vobis.
614 1824 706 1874 Quo
735 1839 810 1867 suo
837 1826 1018 1866 merito?
1052 1826 1206 1879 quidve
1232 1826 1345 1880 fecit,
1379 1841 1452 1868 cur

190 1944 206 1974 1
236 1941 416 1986 erexerat]
439 1943 564 1974 exerat
583 1944 609 1973 B
630 1953 674 1975 m.
691 1953 749 1985 pr.
851 1945 869 1974 2
893 1942 1031 1988 inquit]
1054 1942 1186 1986 inquid
1207 1947 1243 1977 L.
1332 1947 1351 1976 6
1380 1943 1450 1977 Ro-

93 1997 206 2020 xanes
222 1988 444 2022 Frobeozius:
466 1988 640 2022 hroxanis
656 1991 684 2021 A
699 1989 861 2033 [roxanis
876 1990 929 2035 B].
1007 1993 1024 2023 7
1040 1990 1257 2036 Perdiccan]
1273 1990 1449 2034 perdican

95 2037 234 2069 FLPV.
341 2039 359 2068 S
388 2035 526 2081 specie]
555 2036 673 2080 spetie
700 2040 736 2070 F.
843 2041 883 2070 11
913 2036 1027 2083 solus]
1056 2037 1152 2072 solos
1178 2041 1213 2072 P.
1315 2043 1358 2072 14
1384 2049 1450 2082 pro

96 2082 150 2127 se]
177 2094 243 2116 om.
264 2086 299 2117 P.
398 2082 626 2128 reliquisset]
662 2082 882 2126 reliquissed
910 2088 936 2117 F
957 2096 1000 2119 m.
1019 2097 1074 2128 pr.
1176 2089 1218 2118 15
1245 2085 1290 2118 iis
1320 2086 1449 2120 Vinde-

97 2129 210 2163 Ii‘nus:
232 2129 288 2163 his
309 2133 347 2163 A.
435 2134 478 2164 18
499 2130 680 2176 elocutus]
702 2130 848 2166 locutus
868 2134 894 2164 B
916 2144 959 2165 m.
974 2144 1034 2176 pr.
1127 2132 1284 2178 medios]
1306 2133 1450 2166 medius

94 2179 119 2208 P
138 2187 183 2210 m.
198 2188 257 2220 pr.
359 2180 400 2210 19
427 2178 708 2221 pronuntiatam
734 2179 1023 2213 Freinshemius:
1056 2180 1382 2223 praenuntiantem
1409 2183 1448 2213 A.

95 2227 138 2255 22
161 2224 329 2259 contione
350 2225 583 2260 Vindelinm:
606 2226 729 2260 contio
750 2229 790 2259 A.
882 2230 924 2260 23
946 2226 1089 2272 infima]
1110 2227 1251 2260 infama
1271 2230 1297 2260 B
1318 2240 1360 2261 m.
1377 2239 1449 2271 pin,

93 2270 239 2304 infirma
265 2275 289 2304 L
309 2283 353 2305 m.
373 2284 428 2316 pr.
511 2276 554 2306 24
575 2273 713 2318 inquit]
734 2273 866 2316 inquid
886 2278 922 2307 L.
1001 2278 1043 2307 25
1065 2274 1292 2308 Arrhidaeus
1314 2275 1448 2317 Zump-

93 2318 184 2352 tius:
213 2318 422 2352 arrithdeus
448 2323 491 2362 P,
519 2319 709 2354 arithdeus
738 2325 770 2353 C.
918 2324 961 2355 28
990 2332 1054 2355 suo
1083 2321 1216 2356 merito
1243 2325 1284 2355 P:
1317 2321 1449 2355 merito

94 2375 159 2399 suo
187 2368 218 2398 G.
319 2366 395 2411 cur]
424 2378 493 2410 qur
517 2370 557 2401 V.
