1610 2522
386 78 721 114 HISTORIARUM
748 77 1031 112 ALEXANDRI
1059 78 1100 119 V,
1128 82 1159 112 8.
1183 82 1213 112 9.
1399 77 1482 118 135

122 190 327 230 advenam
361 202 517 244 regem,
551 202 646 229 cum
678 187 804 229 liceat
835 190 1011 241 experto
1038 187 1138 228 belli
1165 187 1382 228 fortunam
1409 189 1482 228 aut

122 263 329 303 reparare,
362 263 469 302 quae
496 247 632 300 amisi,
663 250 737 288 aut
762 246 940 288 honesta
966 249 1104 287 morte
1132 247 1335 302 defungi?
1386 245 1482 287 Nisi
1514 258 1553 286 1⁴2

124 307 234 349 forte
266 307 400 348 satius
433 310 497 348 est
530 309 751 360 expectare
782 307 958 348 victoris
990 306 1214 347 arbitrium
1249 309 1290 347 et
1322 305 1480 346 Mazaei

124 373 166 408 et
186 366 412 408 Mithrenis
441 367 637 420 exemplo
664 367 901 420 precarium
928 367 1117 419 accipere
1144 379 1323 420 regnum
1348 365 1483 406 natio-

87 427 188 470 5nis
232 427 377 480 unius,
420 430 468 467 ut
511 426 595 467 iam
641 426 762 467 malit
806 425 876 466 ille
910 425 1072 479 gloriae
1105 439 1204 466 suae
1237 440 1365 478 quam
1397 425 1483 465 irae

123 486 309 538 obsequi.
359 485 450 527 Nec
483 486 525 526 di
558 486 747 539 siverint,
779 488 826 526 ut
859 485 939 525 hoc
966 485 1093 526 decus
1120 484 1203 525 mei
1231 484 1383 538 capitis
1411 488 1483 524 aut
1513 494 1555 524 13

122 546 289 587 demere
323 545 428 586 mihi
462 545 687 599 quisquam
721 546 873 586 audeat
904 547 977 585 aut
1010 544 1261 594 condonare,
1299 558 1377 584 nec
1409 544 1483 585 im-

122 606 286 659 perium
331 605 453 646 vivus
499 606 712 655 amittam,
754 604 950 657 idemque
989 604 1069 644 erit
1109 603 1231 659 regni
1264 604 1365 656 mei,
1411 604 1484 656 qui

122 665 302 718 spiritus
334 664 443 705 finis,
515 664 634 706 Vobis
667 664 703 704 si
735 663 805 705 hic
838 664 1018 716 animus,
1052 664 1087 704 si
1117 662 1222 703 haec
1254 663 1334 713 lex,
1375 663 1483 703 nulli
1514 674 1556 703 11

71 742 104 766 10
124 737 209 764 non
242 726 363 777 parta
394 723 570 764 libertas
604 726 678 764 est.
729 722 866 764 Nemo
898 737 918 763 e
945 723 1067 764 vobis
1100 722 1322 763 fastidium
1348 722 1484 763 Mace-

124 783 300 836 donum,
351 797 475 824 nemo
527 784 692 824 vultum
737 782 966 836 superbum
1011 783 1120 823 ferre
1165 785 1357 837 cogetur:
1410 796 1485 822 sua

124 843 276 896 cuique
322 843 493 884 dextera
537 846 611 884 aut
654 842 861 883 ultionem
904 844 969 882 tot
1001 841 1209 882 malorum
1243 841 1382 895 pariet
1413 843 1485 881 aut

122 902 263 943 finem.
308 901 533 955 Equidem,
564 917 690 956 quam
718 901 939 943 versabilis
966 901 1139 942 fortuna
1166 902 1234 953 sit,
1262 901 1487 941 documen·
1516 912 1557 941 15

124 964 215 1002 tum
247 962 338 1015 ipse
368 976 463 1002 sum
488 976 565 1002 nec
591 961 790 1003 inmerito
818 961 1011 1002 mitiores
1038 961 1151 1002 vices
1179 960 1269 1001 eius
1297 963 1485 1014 expecto.

70 1037 102 1062 15
125 1019 207 1062 Sed
239 1022 275 1062 si
308 1021 420 1062 iusta
452 1035 500 1062 ac
532 1021 602 1075 pia
634 1022 746 1062 bella
772 1020 813 1060 di
841 1023 1102 1074 aversantur,
1132 1020 1317 1061 fortibus
1343 1022 1486 1060 tamen

123 1081 226 1122 viris
246 1081 396 1122 licebit
420 1081 598 1122 honeste
619 1080 738 1121 mori.
790 1079 871 1121 Per
891 1095 969 1136 ego
992 1095 1067 1122 vos
1090 1080 1242 1121 decora
1260 1079 1485 1131 maiorum,
1515 1091 1556 1120 16

123 1140 197 1194 qui
238 1141 372 1181 totius
406 1138 594 1181 Orientis
639 1154 770 1195 regna
815 1154 912 1180 cum
957 1138 1225 1181 memorabili
1263 1138 1387 1179 laude
1427 1142 1485 1179 te-

122 1203 320 1253 nuerunt,
353 1215 426 1254 per
459 1200 555 1241 illos
587 1199 715 1254 viros,
754 1199 909 1253 quibus
943 1199 1204 1253 stipendium
1237 1197 1487 1239 Macedonia

124 1259 338 1313 quondam
376 1259 494 1310 tulit,
539 1274 615 1313 per
653 1262 719 1301 tot
757 1264 931 1299 navium
977 1259 1132 1300 classes
1176 1258 1221 1299 in
1267 1256 1486 1298 Graeciam

69 1336 104 1361 20
125 1318 287 1371 missas,
319 1333 396 1373 per
427 1321 492 1360 tot
525 1321 700 1372 tropaea
731 1333 875 1373 regum
911 1333 985 1359 oro
1020 1322 1062 1359 et
1094 1318 1296 1369 obtestor,
1335 1320 1382 1357 ut
1415 1331 1486 1357 no-

124 1377 291 1419 bilitate
334 1380 475 1419 vestra
520 1378 745 1434 gentisque
791 1378 943 1433 dignos
989 1377 1162 1431 spiritus
1202 1377 1397 1430 capiatis,
1442 1378 1487 1416 ut
1518 1387 1557 1417 17

125 1438 269 1478 eadem
308 1438 546 1479 constantia
578 1439 836 1488 animorum,
882 1452 965 1490 qua
996 1435 1226 1491 praeterita
1258 1436 1488 1486 tolerastis,

125 1497 414 1551 experiamini,
456 1497 664 1550 quidquid
698 1497 848 1538 deinde
880 1497 968 1538 fors
1000 1496 1164 1537 tulerit:
1199 1510 1266 1537 me
1299 1499 1411 1536 certe
1444 1495 1488 1536 in

124 1560 377 1610 perpetuum
422 1559 495 1597 aut
539 1557 720 1597 victoria
752 1556 924 1611 egregia
955 1555 1202 1597 nobilitabit
1233 1558 1307 1596 aut
1337 1555 1486 1595 ruina.'

53 1620 104 1655 26
216 1615 331 1656 Haec
364 1615 529 1657 dicente
555 1615 693 1657 Dareo
726 1615 961 1670 praesentis
992 1615 1172 1669 periculi
1205 1614 1366 1669 species
1400 1628 1486 1654 om·
1511 1617 1561 1650 IX

72 1693 106 1718 26
126 1675 243 1715 nium
271 1674 400 1716 simul
426 1675 553 1716 corda
580 1675 830 1730 animosque
856 1676 1033 1716 horrore
1059 1675 1379 1729 perstrinxerat,
1412 1687 1487 1714 nec

222 1772 240 1802 2
267 1768 455 1813 reparare]
482 1779 695 1812 repararem
721 1772 746 1802 P
768 1780 810 1802 m.
827 1781 885 1812 pr.
1015 1767 1098 1801 Nisi
1128 1767 1238 1812 forte]
1266 1766 1305 1800 ni
1332 1766 1427 1800 forte
1455 1769 1486 1799 C.

128 1819 148 1849 3
186 1815 352 1860 victoris]
393 1815 553 1850 uictores
591 1820 616 1849 P
648 1828 693 1851 m.
722 1828 781 1860 pr.
935 1815 1079 1849 Mazaei
1117 1815 1255 1849 Aldus:
1294 1813 1414 1847 mazei
1448 1816 1486 1846 A.

127 1866 148 1896 4
173 1863 369 1898 Mithrenis
399 1863 620 1898 Frobenms:
654 1863 858 1897 mathrenis
886 1868 908 1896 c
935 1863 1176 1908 [mathetenis
1203 1863 1259 1908 F],
1285 1860 1488 1895 methrenis

126 1914 151 1943 P
174 1923 216 1944 m.
234 1922 303 1954 luz,
330 1910 558 1945 maethrenis
591 1914 616 1943 P
642 1922 732 1945 corr.
855 1910 1034 1956 nationis]
1065 1910 1233 1944 nacionis
1259 1913 1285 1942 1.
1306 1920 1349 1942 m.
1366 1920 1424 1953 pr.
1447 1911 1487 1942 V.

129 1962 148 1991 5
176 1958 233 2003 ut]
260 1960 325 1992 unat
344 1961 380 1992 P.
504 1962 523 1992 6
552 1958 722 2004 obsequi]
751 1957 905 2001 absequi
931 1962 1039 1992 FLV.
1164 1957 1218 2003 di]
1243 1956 1299 1990 dis
1321 1960 1346 1989 P
1367 1968 1410 1990 m.
1428 1967 1486 1999 pr.

130 2009 148 2039 7
177 2006 311 2040 audeat
330 2006 394 2039 aut
412 2007 559 2049 scripsi:
588 2008 653 2039 aut
673 2009 712 2039 A.
788 2017 855 2039 nec
879 2006 1029 2040 sslciser:
1058 2005 1127 2039 hoc
1154 2008 1193 2039 A.
1270 2008 1288 2037 9
1325 2004 1432 2037 Vobis
1458 2003 1489 2036 si

126 2054 273 2096 scripsi:
302 2053 332 2086 si
354 2057 392 2086 A.
470 2057 511 2087 12
539 2053 736 2099 ultionem]
763 2053 951 2087 ulcionem
974 2057 1012 2086 V.
1093 2056 1135 2086 14
1161 2052 1345 2096 mitiores]
1377 2050 1489 2085 nicio-

127 2112 192 2134 nes
213 2104 252 2134 V.
333 2101 503 2145 expecto]
526 2102 699 2144 expectat
719 2105 757 2134 V.
837 2104 878 2133 15
906 2101 1021 2145 iusta]
1043 2100 1147 2133 iuxta
1167 2103 1206 2133 V.
1307 2098 1407 2132 bella
1434 2098 1488 2142 di]

128 2147 245 2181 belari
271 2151 299 2180 V
322 2160 436 2192 nupr.
509 2151 550 2181 16
578 2148 723 2193 licebit]
751 2147 889 2182 licebat
910 2151 949 2181 V.
1025 2151 1066 2181 17
1090 2158 1173 2181 cum
1193 2145 1426 2180 memorabili
1444 2149 1487 2178 P:

129 2195 447 2228 commemorabili
463 2199 494 2229 G.
559 2199 602 2229 19
619 2195 770 2241 classes]
787 2195 903 2229 calses
918 2199 957 2229 V.
1028 2194 1238 2239 Graeciam]
1255 2193 1440 2238 graetiam
1452 2196 1489 2234 P,

129 2242 251 2286 grecia
273 2247 309 2281 F,
337 2254 485 2287 grecam
508 2246 547 2276 V.
648 2246 691 2276 20
711 2243 880 2288 tropaea]
909 2243 1065 2286 trophea
1091 2246 1127 2275 F.
1228 2252 1290 2275 oro
1319 2241 1370 2286 et]
1399 2240 1488 2274 horo

130 2300 174 2323 ex
194 2293 233 2323 V.
310 2293 352 2323 22
380 2290 469 2335 qua]
497 2301 609 2333 quam
628 2294 701 2324 FV.
779 2294 822 2324 24
850 2289 1084 2335 nobilitabit]
1105 2288 1323 2323 nobilitauit
1345 2291 1416 2321 PV.

128 2336 237 2370 ruina
263 2338 410 2380 scripsi:
438 2348 566 2382 pugna
593 2340 631 2371 A.
