1610 2522
85 1482 103 1511 9

131 110 218 151 244
639 109 678 151 Q.
707 109 849 144 GURTI
877 109 988 144 RUFI

130 219 210 261 diti
255 220 458 260 indicium
505 222 568 260 est
613 234 745 273 aquae
787 219 967 260 meantis
1016 233 1166 271 sonus,
1208 233 1301 260 cum
1347 219 1485 273 ipsum

130 278 278 333 solum,
312 279 388 320 sub
423 293 506 332 quo
540 281 684 320 tantus
717 280 853 319 amnis
886 279 993 333 fluit,
1031 293 1082 319 ne
1115 278 1282 320 modico
1316 278 1485 333 quidem

130 339 301 380 resudet
338 338 525 379 humore.
591 338 653 378 Ex
696 338 875 393 captivis
915 337 1226 394 Sogdianorum
1260 337 1311 378 ad
1344 352 1487 393 regem

130 409 225 439 XXX
275 398 532 439 nobilissimi
593 412 819 453 corporum
875 397 1027 439 robore
1087 398 1241 439 eximio
1294 397 1484 451 perducti

131 461 267 499 era-nt:
302 458 375 511 qui
395 458 465 499 ubi
497 472 572 511 per
598 458 873 511 interpretem
902 460 1195 513 cognoverunt
1227 457 1344 498 iussu
1375 457 1485 510 regis

131 518 247 571 ipsos
287 517 337 558 ad
381 517 640 572 supplicium
685 517 817 570 trahi,
859 531 1026 558 carmen
1068 517 1316 558 laetantium
1358 516 1486 557 modo

133 591 279 618 canere
325 576 610 631 tripudiisque
652 579 694 617 et
738 576 950 618 lasciviori
992 577 1182 631 corporis
1227 579 1345 617 motu
1387 590 1487 631 gau·

133 636 248 677 dium
283 636 493 690 quoddam
529 636 659 676 animi
694 638 908 677 ostentare
935 639 1176 690 coeperunt.
1240 635 1486 676 Admiratus

131 695 233 751 [est]
275 711 349 737 rex
391 698 509 737 tanta
554 696 849 751 magnitudine
891 696 1022 737 animi
1068 699 1268 750 oppetere
1307 698 1485 736 mortem

129 756 318 797 revocari
352 770 423 797 eos
456 755 597 809 iussit,
636 770 805 796 causam
837 758 925 795 tam
959 756 1116 796 effusae
1148 755 1352 807 laetitiae,
1392 769 1486 795 cum

132 815 389 870 supplicium
432 818 528 856 ante
568 815 716 857 oculos
755 814 976 868 haberent,
1023 815 1252 869 requirens.
1320 813 1408 867 Illi,
1453 814 1487 855 si

131 874 183 915 ab
224 875 306 916 alio
348 875 656 925 occiderentur,
698 874 841 916 tristes
880 875 1111 916 morituros
1149 875 1280 915 fuisse
1316 887 1488 928 respon-

131 934 251 975 dent:
301 949 414 976 nunc
456 950 479 975 a
521 937 640 976 tanto
681 948 798 989 rege,
839 935 999 975 victore
1051 934 1240 975 omnium
1284 934 1488 989 gentium,

132 994 364 1035 maioribus
392 995 480 1035 suis
513 994 700 1035 redditos
721 993 945 1035 honestam
967 997 1162 1047 mortem,
1195 1008 1321 1047 quam
1353 993 1487 1035 fortes

131 1053 211 1094 viri
254 1056 352 1095 voto
401 1068 570 1108 quoque
617 1056 883 1108 expeterent,
928 1054 1187 1095 carminibus
1240 1053 1305 1094 sui
1356 1052 1487 1093 moris

130 1114 380 1167 laetitiaque
414 1113 636 1154 celebrare.
694 1112 871 1154 Tantam
905 1128 978 1154 rex
1012 1113 1244 1154 admiratus
1276 1111 1489 1167 magnitu-

132 1173 272 1214 dinem
308 1173 457 1214 animi:
504 1172 714 1227 ‘Quaero’‚
746 1173 902 1227 inquit,
943 1173 1012 1213 ‘an
1044 1173 1184 1214 vivere
1222 1171 1364 1213 velitis
1402 1185 1487 1213 non

131 1232 295 1273 inimici
327 1233 446 1286 mihi,
479 1234 598 1274 cuius
632 1232 837 1273 beneficio
871 1232 1025 1274 victuri
1059 1231 1204 1273 estis?’
1268 1230 1337 1273 Illi
1369 1246 1488 1272 num-

132 1307 259 1346 quam
300 1307 343 1333 se
382 1292 579 1334 inimicos
613 1293 670 1347 ei,
715 1292 787 1333 sed
818 1291 931 1333 bello
963 1292 1182 1333 lacessitos
1216 1306 1259 1333 se
1292 1291 1487 1332 inimicos

131 1352 245 1393 hosti
287 1352 419 1393 fuisse
452 1352 728 1407 respondent:
774 1351 808 1391 si
842 1352 936 1406 quis
970 1352 1087 1405 ipsos
1120 1350 1326 1392 beneficio
1360 1365 1487 1404 quam

132 1411 287 1453 iniuria
320 1412 502 1466 experiri
535 1412 772 1464 maluisset,
815 1413 1051 1453 cer·tatuios
1083 1412 1232 1464 fuisse,
1265 1425 1317 1452 ne
1349 1410 1488 1451 vince-

130 1474 279 1512 rentur
312 1471 466 1513 officio
517 1470 904 1525 Interrogantique,
937 1485 1020 1525 quo
1054 1471 1234 1536 pignore
1262 1469 1390 1510 fidem
1417 1470 1488 1511 ob-

130 1531 306 1586 ligaturi
335 1534 485 1583 essent,
512 1531 656 1584 vitam,
678 1545 806 1585 quam
827 1530 1079 1585 acciperent,
1106 1530 1278 1586 pignori
1297 1529 1487 1570 futuram

133 1604 223 1632 esse
238 1590 356 1631 dixer
361 1594 453 1632 unt:
468 1590 660 1632 redditur
663 1604 721 1644 os,
737 1589 990 1645 quandoque
1005 1590 1240 1644 repetisset.
1286 1587 1327 1629 N
1330 1603 1376 1630 ec
1390 1603 1487 1643 pro-

133 1650 309 1691 missum
336 1650 591 1692 fefellerunt.
643 1649 767 1703 Nam,
795 1650 868 1704 qui
884 1650 1049 1691 remissi
1071 1649 1220 1690 domos
1247 1651 1379 1702 erant,
1404 1648 1488 1689 fide

133 1710 379 1751 continuere
409 1710 655 1763 populares:
690 1712 894 1763 quattuor
926 1709 1037 1750 inter
1069 1709 1268 1751 custodes
1298 1707 1487 1762 corporis

131 1770 286 1810 retenti
324 1770 433 1810 nulli
465 1768 744 1810 Macedonum
785 1769 828 1809 in
866 1782 1008 1823 regem
1049 1770 1224 1810 caritate
1259 1770 1486 1810 cesserunt.

229 1901 248 1932 3
270 1897 440 1944 humore]
460 1901 634 1932 umoreP.
711 1903 730 1932 ἴ)
754 1898 828 1932 ubi
846 1908 912 1941 per
930 1898 1079 1941 scripsi·
1100 1908 1166 1942 per
1180 1900 1218 1931 A.
1295 1901 1314 1931 6
1335 1896 1434 1930 trahi
1449 1901 1486 1930 C:

132 1945 229 1979 tradi
252 1950 288 1979 P.
364 1945 526 1991 carmen]
548 1956 694 1979 carnem
715 1949 754 1979 V.
832 1949 849 1978 7
871 1945 1074 1990 lasciviori]
1095 1944 1302 1980 lasciuioris
1322 1948 1359 1986 P,
1379 1943 1487 1978 lasci-

132 1993 250 2027 uiori*
272 1996 308 2027 B.
432 2000 451 2027 ⁹
479 1993 567 2039 [est]
594 1993 659 2028 del.
689 1993 915 2027 ῑιηᾱθῖίηας.
1016 1997 1058 2027 10
1085 1992 1268 2038 laetitiae]
1295 1973 1431 2026 lae't-iae
1450 1996 1487 2033 L,

132 2040 303 2075 laeticiae
330 2045 368 2075 V.
471 2044 511 2075 13
538 2051 642 2086 rege,
670 2040 824 2085 victore]
849 2040 928 2085 regi
955 2040 1076 2074 uictor
1100 2044 1135 2074 P.
1238 2045 1278 2074 14
1305 2039 1487 2085 redditos]

133 2088 288 2122 redditis
316 2093 348 2123 c.
450 2093 492 2123 15
518 2088 646 2135 moris]
673 2088 764 2122 mori
791 2092 826 2121 P.
929 2093 969 2121 16
997 2087 1185 2122 celebrare
1208 2088 1366 2122 Gizama:
1395 2086 1487 2121 cele-

133 2135 283 2170 brarent
310 2139 348 2170 A.
449 2136 621 2171 'lautam
649 2137 794 2180 scripse:
823 2138 902 2168 tum
924 2138 962 2168 A.
1063 2139 1104 2169 17
1126 2135 1247 2178 inquit
1272 2134 1486 2170 Grunauer:

132 2183 260 2227 itaque
281 2187 319 2217 A.
391 2187 434 2217 18
457 2184 608 2230 victuri]
628 2183 763 2218 uictori
785 2187 816 2217 C.
895 2186 936 2217 19
964 2183 1009 2225 ei,
1031 2183 1095 2217 sed
1117 2182 1215 2217 bello
1237 2182 1428 2217 lacessitos
1449 2192 1487 2216 se

132 2230 318 2276 inimicos]
352 2233 391 2265 in
424 2235 487 2264 FV
514 2243 580 2266 om.
609 2244 652 2265 m.
672 2243 743 2275 pr„
771 2231 854 2265 add.
876 2242 964 2265 corr.
1081 2233 1124 2264 20
1153 2229 1266 2275 hosti]
1300 2231 1424 2265 hostes
1449 2233 1485 2263 P.

133 2282 175 2311 ‘22
204 2278 526 2323 Interrogantique
552 2282 593 2313 P:
620 2277 917 2324 interrogatique
943 2282 975 2312 C.
1070 2282 1113 2311 24
1140 2277 1378 2324 promissum]
1404 2288 1486 2322 pro-

132 2325 266 2359 misum
293 2330 328 2360 L.
411 2330 454 2360 25
483 2329 587 2360 crant
614 2331 654 2360 P:
689 2326 808 2361 ierant
836 2330 868 2360 c.
950 2329 992 2359 27
1019 2326 1172 2371 retenti]
1199 2325 1414 2362 retentisP.

134 2373 307 2419 caritate]
334 2373 496 2408 karitate
524 2379 579 2415 C„

1509 772 1541 797 10

1509 1072 1541 1097 15

1508 1369 1542 1394 20

1507 1666 1541 1692 25
