1610 2522
362 72 690 107 HISTofflARUM
724 71 998 106 ALEXANDRJ
1029 72 1086 112 111,
1118 76 1169 105 13,
1383 71 1436 111 37

91 182 276 238 ingentis
322 182 566 237 opulentiae
612 182 747 236 plena,
791 181 920 222 facies
965 181 1090 222 etiam
1137 180 1439 235 praedantibus

90 243 236 293 tristis,
263 243 297 283 si
327 258 408 296 qua
436 256 500 282 res
528 242 745 283 avaritiam
776 243 1022 282 moraretur.
1087 241 1251 294 Quippe
1279 243 1343 280 tot
1370 255 1438 281 an-

91 317 241 344 norum
282 301 517 343 incredibili
563 304 604 342 et
648 301 772 341 fidem
814 300 1041 342 excedente
1085 300 1257 341 fortuna
1298 315 1437 341 cumu-

89 363 173 403 lata
199 364 300 402 tunc
327 360 409 402 alia
430 360 634 415 stirpibus
656 361 850 413 lacerata,
878 360 960 401 alia
987 360 1028 400 in
1051 374 1227 401 caenum
1251 359 1439 401 demersa

51 439 66 463 5
89 420 385 463 cernebantur:
412 436 495 462 non
525 420 796 462 sufficiebant
822 419 1117 474 praedantium
1145 434 1295 460 manus
1324 434 1438 473 prae-

17 485 65 519 35
88 481 175 522 dae.
238 479 412 534 Iamque
446 480 570 521 etiam
614 480 663 520 ad
704 494 788 533 eos,
827 479 898 533 qui
933 479 1059 533 primi
1094 479 1303 533 fugerant,
1343 493 1437 519 ven-

86 543 177 581 tum
212 543 317 581 erat:
359 540 540 580 feminae
580 540 806 593 pleraeque
844 553 998 593 parvos
1032 539 1248 580 trahentes
1283 538 1438 579 liberos

87 600 215 641 ibant.
280 598 396 641 Inter
429 614 532 653 quas
566 602 651 640 tres
683 599 801 640 fuere
834 599 1034 653 virgineS‚
1075 597 1194 651 Ochi,
1235 599 1308 652 qui
1341 601 1438 639 ante

85 659 270 701 Dareum
316 662 577 714 regnaverat,
622 657 751 711 filiae,
803 658 905 699 olim
953 657 1121 711 quidem
1169 672 1219 698 ex
1263 657 1437 713 fastigio

36 737 66 761 10
86 721 263 773 paterno
303 733 443 760 rerum
483 719 720 759 mutatione
756 718 984 769 detractae,
1027 717 1099 758 sed
1143 720 1235 758 tum
1282 720 1438 759 sortem

87 793 230 820 earum
265 778 477 819 crudelius
505 778 764 832 adgravante
796 777 981 818 fortuna.
1045 776 1095 817 111
1128 777 1273 818 eodem
1309 791 1438 832 grege

86 852 194 879 uxor
227 852 395 892 quoque
428 837 614 879 eiusdem
649 836 755 879 Ochi
789 836 872 877 fuit
898 835 1185 891 Oxathrisque
1221 862 1273 865 —
1308 837 1439 877 frater

85 897 154 938 hic
187 900 276 938 erat
310 897 435 938 Darei
469 922 526 926 —
558 896 646 938 filia
687 900 728 937 et
761 896 946 937 coniunx
978 895 1194 949 Artabazi,
1232 896 1437 950 principis

85 959 431 1012 purpuratorum,
450 956 666 1010 filiusque:
697 956 912 1011 Hystanes
932 956 1015 996 fuit
1035 970 1201 997 nomen.
1253 955 1437 997 Pharna-

33 1016 177 1058 15bazi
217 1030 405 1071 quoque,
445 1016 512 1057 cui
551 1031 762 1057 summum
801 1015 1027 1070 imperium
1060 1016 1300 1057 maritimae
1341 1030 1438 1056 orae

85 1091 158 1117 rex
204 1076 391 1129 dederat,
442 1090 550 1117 uxor
600 1091 693 1116 cum
745 1075 833 1116 filio
879 1078 1054 1129 excepta
1100 1078 1180 1128 est,
1231 1074 1438 1116 Mentoris

84 1136 197 1176 filiae
235 1138 321 1177 tres
360 1150 407 1176 ac
440 1135 700 1176 nobilissimi
740 1135 857 1176 ducis
890 1133 1130 1175 Memnonis
1171 1135 1355 1175 coniunx
1397 1138 1438 1175 et

84 1195 216 1246 filius,
254 1197 410 1249 vixque
442 1194 529 1236 ulla
563 1195 713 1236 domus
746 1195 969 1249 purpurati
1003 1194 1113 1235 afuit
1147 1197 1288 1235 tantae
1316 1193 1435 1236 cladi.

84 1254 404 1296 Lacedaemonii
455 1257 496 1295 et
542 1254 826 1295 Athenienses
878 1255 1093 1295 societatis
1145 1255 1226 1295 fide
1278 1254 1437 1295 violata

31 1332 64 1356 ρο
84 1313 234 1356 Persas
273 1313 423 1355 secuti:
470 1313 742 1369 Aristogiton
781 1316 822 1354 et
861 1313 1071 1368 Dropides
1111 1317 1152 1354 et
1189 1313 1437 1368 Iphicrates,

85 1373 194 1414 inter
245 1372 525 1415 Athenienses
570 1388 724 1429 genere
774 1374 971 1427 famaque
1021 1373 1148 1428 longe
1200 1373 1438 1427 clarissimi,

83 1432 404 1475 Lacedaemonii
424 1432 636 1487 Pasippus
658 1435 699 1474 et
714 1432 1060 1474 Onomastorides
1083 1448 1177 1473 cum
1199 1431 1437 1474 Onomante

84 1495 125 1533 et
153 1491 432 1545 Callicratide,
467 1492 511 1533 hi
539 1506 708 1547 quoque
735 1493 850 1533 domi
877 1492 1054 1534 nobiles.
1113 1491 1287 1534 Summa
1313 1507 1436 1547 pecu-

83 1551 177 1592 niae
211 1552 401 1607 signatae
434 1552 516 1592 fuit
548 1551 757 1593 talentum
789 1564 821 1592 ΙΙ
855 1551 973 1593 milia
1012 1555 1053 1592 et
1086 1555 1293 1605 sescenta,
1333 1552 1435 1593 facti

31 1629 62 1653 25
84 1611 247 1666 argenti
293 1611 459 1665 pondus
502 1611 734 1666 quingenta
780 1611 999 1666 aequabat.
1075 1611 1296 1652 Praeterea
1341 1624 1434 1652 xxx

178 1721 197 1750 2
225 1716 435 1761 avaritiam]
470 1716 629 1750 auaritia
655 1721 690 1749 P.
814 1720 833 1749 3
861 1717 1072 1751 incredibili
1105 1717 1244 1751 Lauer:
1279 1716 1436 1751 incredi-

83 1763 194 1798 bilem
222 1767 260 1797 A.
337 1768 355 1797 5
395 1764 639 1798 cernebantur
665 1768 697 1797 1:
726 1764 949 1799 eruebantur
974 1768 1012 1798 A.
1099 1768 1118 1798 8
1145 1767 1219 1799 tres
1246 1768 1286 1798 P:
1315 1776 1380 1799 om.
1403 1769 1436 1798 C.

85 1816 125 1845 11
154 1812 303 1845 fortuna
329 1816 362 1845 1:
390 1812 523 1845 natura·
549 1815 587 1845 A.
690 1817 730 1846 12
759 1811 1005 1855 Oxathrisque
1033 1813 1322 1847 Freinshemius:
1351 1823 1436 1846 oxa-

82 1859 221 1902 trisque
247 1863 283 1899 P.
312 1859 529 1902 oxatrixque
550 1864 582 1892 C.
676 1863 716 1893 14
745 1859 915 1903 filiusque
942 1860 1086 1905 o‘tangyl:
1115 1859 1212 1893 filius
1240 1859 1298 1894 cui
1326 1863 1364 1893 A.

82 1906 267 1950 Hystanes
294 1908 442 1950 scripsi:
471 1906 607 1940 ilioneo
634 1910 672 1940 A.
798 1906 1028 1941 Pharnabazi
1057 1908 1197 1942 Lauer:
1225 1907 1436 1951 pharnaba—

83 1954 135 1987 zei
164 1957 202 1987 A.
328 1958 369 1988 15
403 1954 503 1999 orae]
540 1954 651 1988 horae
686 1958 717 1987 c.
853 1958 894 1988 17
922 1955 1143 2000 Memnonis]
1181 1955 1373 1989 memnonis
1400 1959 1435 1988 P.

85 2005 126 2035 18
153 2001 251 2036 afuit
276 2003 405 2036 tantae
432 2001 529 2035 cladi
549 2003 694 2045 scripsi:
723 2002 795 2035 fnit
821 2004 948 2036 tantae
976 2002 1093 2037 cladis
1114 2006 1152 2036 A.
1255 2006 1296 2036 19
1323 2003 1436 2036 Athe-

82 2048 227 2082 nienses
254 2052 279 2081 P
305 2061 349 2083 m.
366 2061 442 2093 pn:
475 2049 700 2083 atheniensis
728 2054 759 2082 C.
877 2049 1016 2084 violata
1043 2054 1067 2083 P
1096 2063 1137 2084 m.
1155 2062 1230 2094 prs
1258 2062 1330 2085 non
1358 2050 1434 2084 uio-

82 2095 160 2130 lata
187 2101 219 2130 c.
320 2100 362 2130 ’20
389 2096 620 2141 Aristogiton
641 2098 780 2131 Laeter:
810 2097 1031 2142 aristogitan
1052 2101 1090 2131 A.
1190 2099 1227 2132 et
1253 2096 1435 2142 Dropides

83 2144 293 2188 Zmnptz'us:
322 2146 357 2178 et
383 2144 575 2188 thropides
601 2147 636 2185 P,
664 2144 876 2189 ethropides
904 2149 935 2178 C.
1034 2144 1237 2189 Iphicrates
1267 2146 1433 2180 Medius:

82 2190 300 2225 lechicrates
315 2195 350 2233 P,
371 2191 568 2226 lehicrates
582 2195 603 2224 C
626 2191 821 2237 [leucrates
837 2193 889 2237 B]
960 2196 1002 2226 *22
1026 2192 1208 2237 Pasippus
1224 2193 1433 2237 Zumptz'us:

82 2239 279 2283 passippus
294 2242 332 2272 A.
409 2240 614 2273 onomante
634 2241 780 2284 scripsi:
803 2239 923 2274 omaio
939 2243 977 2273 A.
1054 2244 1097 2274 23
1119 2240 1219 2274 domi
1240 2252 1306 2274 om.
1322 2243 1360 2273 V.

82 2286 261 2329 pecuniae
283 2286 450 2331 signatae
474 2287 692 2322 Frobem'us:
720 2287 878 2331 pecunia
899 2287 1047 2332 signata
1067 2291 1105 2321 A.
1198 2292 1241 2322 24
1268 2301 1293 2321 11
1315 2288 1433 2333 milia]

85 2346 111 2366 11
137 2337 206 2367 FL.
282 2333 371 2368 facti
394 2335 560 2369 ⁴Uoolius:
590 2334 698 2369 facile
725 2338 763 2368 A.
841 2339 883 2369 25
910 2348 981 2368 xxx
1002 2335 1106 2370 milia
1125 2339 1166 2369 P:
1195 2348 1266 2369 xxx
1293 2340 1324 2368 c.

1471 490 1508 519 12

1468 788 1509 818 13

1468 967 1510 997 14

1467 1266 1508 1295 15

1466 1504 1507 1534 16
