1610 2522
60 778 92 802 10

64 1075 92 1099 15

376 111 708 146 fflsTofflARUM
738 109 1017 144 ALEXANDHJ
1048 109 1124 151 1111,
1157 114 1206 142 12.
1410 109 1464 146 85

112 226 215 270 erat,
250 221 419 262 invasit:
454 220 612 275 quippe
639 219 848 274 lymphati
877 219 1087 273 trepidare
1116 221 1346 272 coeperunt
1380 233 1466 259 om-

112 282 229 323 nium
265 284 435 335 pectora
468 281 634 321 occulto
674 282 791 320 metu
824 281 1108 333 percurrente.
1175 277 1288 319 Caeli
1323 278 1467 333 fulgor

112 344 302 395 tempore
336 341 496 382 aestivo
531 340 693 380 ardenti
731 339 883 380 similis
917 338 1168 379 internitens
1206 338 1316 393 ignis
1350 352 1466 391 prac—

115 401 206 442 buit
246 401 446 455 speciem,
484 400 762 453 flammasque
802 414 851 440 ex
891 397 1018 439 Darei
1058 397 1206 438 castris
1246 397 1467 451 splendere

114 461 228 502 velut
267 460 388 501 inlati
431 463 586 501 temere
626 458 846 513 praesidiis
880 457 1118 499 credebant.
1183 456 1344 506 Quodsi
1378 471 1468 511 per-

114 521 242 561 culsis
275 520 489 565 Mazaeus,
529 518 601 573 qui
634 518 904 573 praesidebat
942 517 1102 569 itineri,
1142 517 1467 571 supervenisset,

114 580 262 635 ingens
297 579 436 620 clades
469 578 603 632 accipi
636 577 794 632 potuit:
833 592 958 630 nunc,
998 577 1097 618 dum
1138 576 1210 617 ille
1243 576 1384 631 segnis
1424 577 1467 616 in

113 654 180 685 eo,
222 654 347 693 quem
390 640 686 692 occupaverat,
728 638 894 678 tumulo
937 637 1070 689 sedet,
1114 639 1339 678 contentus
1381 650 1466 677 non

112 698 274 742 lacessi.
306 697 547 739 Alexander
579 698 750 751 cognito
778 711 935 751 pavore
962 696 1172 738 exercitus
1205 695 1388 751 signum,
1420 698 1467 736 ut

115 758 407 811 consisterent,
441 758 542 811 dari,
575 760 670 798 ante
704 756 819 810 ipsos
852 771 967 797 arma
1001 756 1209 809 deponere
1249 770 1296 796 ac
1328 756 1467 796 levare

114 833 292 872 corpora
337 817 466 871 iubet,
511 817 742 858 admonens
785 816 946 857 nullam
989 815 1121 856 subiti
1166 829 1335 856 causam
1379 829 1468 856 esse

113 877 299 931 terroris,
332 877 499 918 hostem
542 876 692 930 procul
731 878 852 917 stare.
917 875 1103 916 Tandem
1144 877 1364 928 compotes
1403 874 1466 915 sui

112 937 272 991 pariter
310 952 426 977 arma
465 938 506 977 et
545 936 710 977 animos
749 950 956 989 recepere.
1020 934 1110 976 Nec
1149 934 1379 988 quicquam
1418 950 1467 975 ex

114 996 410 1050 praesentibus
438 996 573 1036 tutius
600 995 738 1036 visum
772 998 836 1036 est
868 1009 995 1049 quam
1024 994 1171 1036 eodem
1205 995 1299 1035 loco
1331 997 1468 1036 castra

114 1056 290 1097 munire.
355 1055 532 1096 Postero
561 1055 627 1095 die
647 1055 843 1096 Mazaeus
873 1080 927 1083 —
955 1069 1050 1095 cum
1072 1053 1247 1095 delectis
1275 1054 1467 1107 equitum

114 1116 157 1156 in
202 1115 314 1157 edito
367 1115 492 1167 colle,
543 1129 593 1156 ex
645 1129 728 1169 quo
774 1114 1054 1155 Macedonum
1099 1113 1470 1167 prospiciebantur

115 1177 263 1228 castra,
306 1175 553 1216 consederat
595 1200 647 1203 κ-
693 1174 780 1215 sive
823 1177 937 1215 metu
977 1174 1077 1226 sive,
1120 1174 1219 1228 quia
1259 1172 1467 1227 speculari

116 1235 240 1276 modo
262 1235 401 1275 iussus
424 1237 524 1288 erat,
545 1234 597 1275 ad
618 1234 804 1275 Dareum
826 1234 964 1275 rediit.
1015 1233 1269 1275 Macedones
1291 1248 1385 1274 eum
1410 1232 1467 1287 ip-

115 1310 208 1335 sum
250 1295 414 1347 collem,
457 1309 583 1348 quem
618 1294 876 1347 deseruerat,
923 1295 1255 1347 occupaverunt:
1297 1308 1394 1333 nam
1429 1295 1471 1333 et

63 1375 76 1397 2
118 1355 251 1395 tutior
291 1354 470 1408 planitie
512 1356 613 1404 erat,
656 1356 697 1394 et
739 1353 836 1394 inde
878 1354 989 1394 acies
1030 1352 1233 1402 hostium,
1277 1367 1383 1406 quae
1427 1353 1469 1393 in

116 1428 265 1467 campo
287 1412 593 1467 explicabatur,
616 1413 802 1467 conspici
824 1415 1002 1467 poterat.
1066 1411 1148 1453 Sed
1170 1411 1318 1466 caligo,
1341 1427 1468 1465 quam

116 1474 227 1515 circa
258 1472 424 1513 humidi
457 1473 693 1513 effuderant
725 1475 904 1526 montes,
944 1471 1165 1512 universae
1200 1471 1370 1525 quidem
1408 1471 1469 1512 rei

116 1533 267 1573 faciem
300 1546 386 1573 non
419 1532 614 1585 abstulit,
657 1534 844 1573 ceterum
878 1532 1097 1587 agminum
1131 1531 1377 1572 discrimina
1409 1533 1470 1571 at-

117 1607 198 1646 que
241 1591 431 1633 ordinem
472 1591 696 1646 prohibuit
742 1591 935 1646 perspici.
1019 1590 1252 1632 Multitudo
1296 1590 1470 1632 inunda-

64 1674 76 1694 ;
118 1654 236 1692 verat
278 1665 466 1704 campos,
510 1651 790 1704 fremitusque
833 1654 897 1692 tot
938 1651 1105 1691 milium
1149 1650 1276 1691 etiam
1320 1650 1471 1704 procul

119 1711 322 1752 stantium
372 1725 494 1752 aures
537 1710 783 1764 inpleverat.
856 1710 1075 1752 Fluctuari
1117 1710 1258 1751 animo
1307 1725 1382 1750 rex
1429 1713 1471 1751 et
1498 1722 1506 1734 ⁴

117 1770 243 1811 modo
278 1785 418 1824 suum,
458 1770 583 1811 modo
617 1769 912 1812 Parmenionis
952 1769 1179 1811 consilium
1218 1785 1310 1811 sera
1349 1770 1469 1810 aesti-

118 1830 303 1871 matione
336 1830 612 1884 perpendere:
647 1830 805 1885 quippe
838 1845 886 1872 eo
920 1832 1094 1870 ventum
1128 1832 1230 1883 erat,
1268 1829 1378 1870 unde
1411 1844 1469 1869 re-

216 1999 231 2028 1
260 1994 462 2040 lymphati]
488 1994 637 2039 lymfati
663 1998 768 2027 LPV.
893 1997 912 2027 3
939 1993 1178 2039 internitens]
1209 1993 1404 2028 internites
1432 1997 1469 2028 V.

119 2047 138 2077 6
166 2042 337 2077 Mazaeus
359 2043 495 2077 Aldus:
522 2053 668 2076 mazeus
689 2045 728 2075 A.
807 2045 824 2075 7
853 2041 976 2076 clades
1002 2045 1035 2075 1:
1064 2041 1181 2076 cladis
1201 2045 1240 2075 A.
1317 2045 1336 2076 8
1365 2052 1471 2075 occu-

118 2092 280 2134 paverat,
308 2089 467 2136 tumulo]
502 2091 775 2134 occupaueratu
802 2089 902 2123 mulo
929 2093 964 2123 P.
1114 2093 1155 2123 10
1182 2088 1299 2135 ipsos]
1327 2089 1407 2133 ipso
1434 2092 1471 2123 B.

120 2143 161 2171 12
195 2138 355 2183 hostem]
392 2139 510 2171 ostem
541 2141 567 2170 P
595 2150 640 2172 m.
665 2149 724 2182 pr.
873 2141 915 2170 13
950 2147 1122 2181 recepere
1158 2140 1189 2170 1:
1232 2137 1396 2181 recipere
1432 2140 1470 2170 A.

121 2190 163 2218 15
190 2185 361 2219 Mazaeus
388 2186 523 2220 Aldus:
555 2195 703 2219 mazeus
730 2187 768 2219 A.
876 2188 918 2218 16
945 2184 1284 2229 prospiciebantur]
1312 2184 1472 2228 proscie-

119 2233 254 2266 bantur
279 2237 316 2266 F.
463 2236 506 2266 20
533 2232 707 2278 planitie]
743 2231 905 2276 planicie
931 2236 967 2266 L.
1084 2236 1127 2266 22
1160 2231 1321 2277 humidi]
1354 2231 1471 2266 umidi

119 2283 257 2313 BLPV.
373 2280 565 2314 universae
589 2280 740 2324 quidem
761 2280 969 2324 Zumptius:
997 2279 1212 2313 uniuersam
1239 2279 1411 2323 equidem
1432 2282 1470 2312 A.

120 2331 162 2361 26
185 2327 379 2373 stantium]
407 2328 637 2362 adstantium
663 2332 699 2361 F.
798 2326 1004 2373 Fluctuari]
1038 2327 1187 2361 flutuari
1213 2331 1249 2360 P.
1349 2327 1400 2372 et]
1429 2337 1472 2360 ex

119 2379 143 2408 P
166 2387 208 2409 m.
224 2387 283 2419 pr.
383 2379 426 2409 27
453 2375 563 2409 modo
590 2376 712 2421 suum]
740 2375 891 2409 modum
918 2386 1026 2409 suum
1052 2378 1090 2409 V.

1496 467 1537 497 15

1496 706 1538 736 16

1498 885 1538 915 17

1498 1065 1538 1095 ls

1498 1244 1539 1274 12³

1497 1424 1541 1453 20
