1610 2522
70 329 110 359 16

70 748 110 776 18

73 987 110 1015 1¹.)

140 89 190 129 74
642 92 680 129 11,
710 88 850 122 (vari
883 88 989 122 nusi

139 199 430 252 temptandum
462 198 612 239 vadum
643 198 828 239 fluminis
858 197 1084 252 praemisit.
1149 197 1277 239 Unius
1311 196 1492 238 altitudo

138 259 275 313 11111110
310 273 474 299 5111111113
515 273 719 311 equorum
755 260 947 311 pectora,
990 272 1104 309 mox,
1147 261 1192 298 ut
1233 257 1273 297 in
1308 256 1489 298 medium

139 318 304 359 alveum
330 321 502 358 ventum
530 320 603 370 est,
629 316 810 358 cervices
834 332 1003 371 quoque
1025 316 1244 371 aequabat.
1286 315 1374 357 Nec
1394 331 1492 357 sane

138 377 246 418 alius
274 378 413 417 amnis
439 376 489 416 ad
513 375 698 417 Orientis
727 376 896 431 plagam
926 379 1010 417 tam
1041 375 1250 417 violentus
1280 375 1494 416 invehitur

139 437 369 478 multorum
400 437 653 477 torrentium
684 451 767 477 111111
796 451 926 490 aquas
955 435 1106 488 solum,
1139 436 1211 477 sed
1239 436 1364 476 etiam
1394 450 1495 476 saxa
1532 452 1546 476 5

139 512 280 538 secum
317 495 500 537 trahens.
564 495 712 550 ltaque
747 511 769 535 a
803 496 1030 547 celeritate,
1063 510 1145 549 qua
1177 495 1342 548 defluit,
1374 493 1493 550 Tigri

138 571 293 597 1111111611
321 559 385 597 651
412 555 607 609 inditum,
641 556 740 609 quia
768 555 936 596 Persica
963 555 1109 609 lingua
1135 555 1267 610 tigrin
1293 555 1493 609 sagittam

139 615 369 670 appellant.
433 614 572 670 Igitur
611 615 736 668 pedes
779 614 893 655 velut
933 614 1094 655 divisus
1139 615 1181 655 in
1221 628 1379 655 cornua
1417 614 1491 656 cir·
1515 616 1564 652 38

138 675 336 716 cumdato
383 675 596 729 equitatu,
647 675 798 715 levatis
847 689 973 728 super
1019 674 1159 728 capita
1210 675 1336 715 armis
1382 673 1494 714 haud

139 750 262 789 aegre
289 735 340 775 ad
370 735 509 789 ipsum
536 735 701 775 alveum
730 737 934 788 penetrat.
999 733 1168 774 Primus
1196 734 1306 774 inter
1332 732 1494 787 pedites
1518 750 1549 774 ιο

138 810 209 835 rex
246 809 440 849 egressus
474 794 517 834 in
549 795 685 848 ripam
720 793 874 834 vadum
908 793 1117 835 militibus
1152 808 1291 846 manu,
1325 792 1493 847 quando

141 869 221 895 vox
244 854 434 895 exaudiri
456 868 541 894 non
563 856 745 908 poterat,
767 853 964 894 ostendit.
1023 853 1105 894 Sed
1127 853 1304 908 gradum
1326 853 1494 893 firmare

140 914 207 955 vix
243 916 460 968 poterant,
500 927 593 954 611111
631 912 754 954 1110110
788 928 887 954 saxa
920 913 1083 954 lubrica
1119 913 1344 968 vestigium
1378 911 1494 953 falle-

138 978 244 1028 rent,
278 974 404 1015 modo
431 973 621 1027 rapidior
649 973 760 1013 unda
786 972 1049 1014 subduceret.
1113 971 1372 1026 Praecipuus
1406 974 1494 1013 crat

139 1034 259 1074 labor
303 1048 468 1085 eorum,
521 1033 590 1087 qui
638 1032 825 1073 humeris
872 1047 997 1073 onera
1044 1031 1290 1086 portabant:
1337 1032 1494 1086 quippe
1517 1047 1548 1072 1⁵

139 1108 235 1134 611111
258 1093 507 1147 semetipsos
535 1106 679 1148 regere
707 1106 792 1133 non
819 1094 1006 1146 possent,
1034 1092 1075 1132 in
1103 1091 1274 1146 rapidos
1301 1091 1494 1147 gurgites

138 1152 412 1195 incommodo
453 1167 578 1193 onere
618 1151 937 1205 auferebantur,
983 1154 1025 1192 et
1063 1151 1162 1192 dum
1203 1166 1278 1192 sua
1317 1151 1496 1205 quisque

140 1212 278 1267 spolia
310 1213 513 1265 consequi
554 1211 714 1265 studet,
755 1211 888 1252 maior
926 1212 1037 1253 inter
1076 1212 1190 1266 ipsos
1231 1225 1358 1264 quam
1398 1224 1493 1252 611111

139 1273 253 1314 3111111
294 1275 386 1313 orta
425 1271 604 1313 luctatio
639 1274 719 1323 est,
759 1271 1005 1325 cumulique
1044 1271 1302 1311 sarcinarum
1338 1270 1493 1324 passim

139 1333 355 1373 fluitantes
382 1332 610 1386 plerosque
637 1331 915 1385 perculerant.
980 1329 1068 1371 Rex
1096 1345 1280 1383 monere,
1314 1333 1361 1370 ut
1393 1329 1495 1370 satis
1516 1345 1549 1370 20

139 1392 345 1433 haberent
389 1406 507 1432 arma
548 1391 746 1432 retinere:
796 1393 932 1432 cetera
975 1405 1017 1431 se
1060 1389 1337 1431 redditurum.
1413 1388 1494 1430 Sed

139 1466 277 1506 neque
316 1451 544 1493 consilium
583 1465 719 1504 noque
760 1449 985 1504 imperium
1026 1450 1160 1503 accipi
1198 1452 1383 1503 poterat:
1423 1449 1495 1490 ob-

140 1511 355 1565 strepebat
382 1510 479 1551 hinc.
507 1513 658 1563 metus,
691 1512 859 1564 praeter
891 1509 1005 1550 hunc
1033 1509 1212 1550 invicem
1242 1508 1494 1549 luctantium

141 1575 311 1612 mutuus
358 1570 528 1612 clamor.
592 1569 800 1622 Tandem,
845 1584 928 1623 qua
972 1570 1132 1610 leniore
1176 1571 1315 1609 tractu
1360 1568 1496 1609 amnis

140 1631 279 1685 aperit
311 1630 479 1681 vadum,
512 1643 731 1681 emersere,
768 1643 846 1670 nec
879 1629 1106 1683 quicquam
1140 1630 1306 1682 praeter
1339 1641 1495 1681 paucas
1516 1642 1549 1667 25

140 1691 326 1731 sarcinas
367 1689 651 1730 desideratum
691 1691 764 1729 est.
829 1687 971 1729 Deleri
1011 1688 1153 1742 potuit
1192 1687 1422 1741 exercitus,
1460 1686 1493 1727 51

140 1750 234 1804 quis
275 1750 441 1790 vincere
481 1764 608 1790 ausus
647 1751 772 1800 esset,
815 1748 885 1788 sed
926 1751 1131 1802 perpetua
1170 1748 1344 1787 fortuna
1383 1746 1495 1801 regis

140 1810 292 1850 avertit
328 1808 422 1849 inde
456 1808 634 1849 hostem.
700 1807 770 1848 Sic
805 1806 1034 1849 Granicum
1078 1811 1143 1848 tot
1176 1806 1348 1847 milibus
1381 1805 1495 1860 equi-

140 1872 230 1910 tum
264 1869 543 1924 peditumque
583 1868 626 1909 in
660 1866 860 1908 ulteriore
894 1866 1106 1907 stantibus
1145 1867 1235 1920 ripa
1269 1865 1495 1919 superavit,

141 1931 200 1969 sie
240 1929 434 1983 angustis
472 1928 512 1968 in
549 1926 720 1968 Ciliciae
760 1925 938 1967 callibus
976 1929 1138 1967 tantam
1178 1924 1494 1967 multitudinem
1516 1940 1550 1964 ³0

235 2026 255 2054 3
278 2021 370 2066 Nec]
392 2033 435 2055 ne
451 2025 489 2054 V.
548 2025 567 2054 4
584 2033 679 2055 1111111
693 2021 728 2053 is
749 2020 832 2054 add.
851 2019 1098 2053 Ja'herhardns.
1157 2023 1176 2052 6
1198 2017 1317 2064 Tigri]
1333 2017 1445 2063 Tygri
1462 2022 1493 2051 c.

141 2074 158 2102 T
176 2069 306 2115 tigrin]
322 2069 447 2114 tygrin
463 2073 494 2102 C.
565 2072 585 2101 8
607 2067 814 2113 appellant]
830 2067 995 2112 apellant
1009 2071 1044 2100 L.
1116 2070 1158 2100 10
1174 2065 1332 2110 pedites]
1350 2065 1495 2109 peditos

141 2121 165 2150 L
187 2130 229 2151 m.
246 2129 304 2162 pr.
326 2120 351 2149 P
374 2129 414 2150 m.
434 2128 490 2160 pr.
581 2120 621 2150 13
649 2115 758 2149 modo
786 2115 890 2161 saxa]
911 2115 1038 2149 modos
1060 2125 1148 2148 saxa
1168 2117 1202 2147 P.
1300 2117 1340 2146 15
1368 2114 1494 2158 onera]

141 2164 277 2198 honora
294 2168 326 2197 c.
393 2168 434 2198 18
450 2163 642 2208 consequi]
658 2174 740 2197 cum
757 2163 862 2206 sequi
876 2166 900 2195 L
917 2174 959 2196 m.
976 2173 1034 2206 pr.
1101 2165 1141 2195 19
1157 2162 1253 2205 orta]
1270 2160 1374 2194 horta
1386 2164 1426 2195 V.

142 2211 372 2257 cumulique]
388 2210 585 2255 cuinulque
598 2214 622 2243 P
639 2223 679 2244 m.
692 2223 750 2254 ]11“.
827 2214 869 2244 :22
889 2209 1023 2254 accipi]
1039 2208 1162 2253 ancipi
1177 2212 1211 2242 P.
1288 2212 1331 2241 :33
1353 2208 1495 2242 luctan-

141 2260 233 2293 tium
253 2255 454 2294 Bentleius:
471 2259 681 2292 nutantium
699 2261 736 2290 A.
814 2261 857 2290 ‘25
873 2257 1008 2302 aperit]
1024 2256 1166 2301 appetit
1183 2259 1219 2289 P.
1292 2259 1334 2289 26
1356 2255 1494 2301 Deleri]

141 2307 261 2341 delere
289 2311 313 2340 P
342 2319 382 2340 m.
403 2319 457 2351 pr.
558 2309 600 2339 27
630 2305 788 2350 vincere]
816 2304 956 2339 uincire
982 2308 1020 2338 V.
1126 2307 1170 2337 30
1197 2302 1364 2349 Ciliciae]
1393 2302 1495 2337 cidi-

142 2355 216 2388 tiac
244 2358 279 2388 P.
380 2354 536 2389 callibus
564 2354 700 2389 Aldus:
729 2351 886 2387 collibus
913 2356 945 2394 C,
974 2351 1171 2396 colligibus
1198 2355 1233 2384 P.
