1610 2522
314 86 647 122 HisrofflAaUM
675 86 958 120 ALEXANDRI
986 87 1080 130 vni,
1110 93 1162 121 10.
1186 93 1239 122 11.
1368 89 1450 128 ‘281

31 200 81 235 38
102 196 176 237 xit.
221 196 351 252 Ergo,
378 197 488 238 sicut
513 196 769 250 imperatum
796 199 897 248 erat,
923 196 994 237 alii
1023 198 1142 237 extra
1165 196 1313 237 urbem
1343 199 1455 238 tecta

101 256 442 298 demoliebantur
473 256 775 311 ingentemque
807 255 892 296 vim
926 256 1126 296 materiae
1159 255 1353 296 faciendo
1386 270 1453 311 ag—

100 316 191 371 geri
224 315 513 369 detrahebant,
545 315 617 356 alii
648 329 898 370 magnarum
933 315 1131 356 arborum
1163 314 1331 368 stipites
1358 330 1453 356 cum

101 375 228 415 ramis
261 390 308 416 ac
340 376 473 416 moles
507 389 702 415 saxorum
739 376 781 415 in
814 388 1014 415 cavernas
1048 375 1294 415 deiciebant.
1350 373 1455 414 Iani-

64 452 78 476 5
101 449 181 488 que
214 448 344 490 agger
376 437 629 488 aequaverat
659 448 848 475 summae
873 434 1096 489 fastigium
1122 437 1277 474 terrae:
1310 434 1453 487 itaque

98 497 237 534 turres
269 494 553 548 erigebantur,
589 507 696 547 quae
729 508 857 547 opera
889 493 1051 549 ingenti
1084 493 1272 534 militum
1305 493 1454 535 ardore

99 554 212 594 intra
249 568 409 594 nonum
449 553 559 593 diem
599 552 794 594 absoluta
828 556 938 594 sunt.
1001 551 1069 593 Ad
1096 567 1144 593 ea
1176 552 1349 593 visenda
1381 567 1454 593 rex

98 613 287 654 nondum
322 612 506 654 obducta
537 613 703 653 vulneri
730 612 924 653 cicatrice
951 612 1161 666 processit
1185 612 1455 666 laudatisque

100 672 308 713 militibus
353 672 566 713 admoveri
606 671 826 713 machinas
864 672 1006 725 iussit,
1052 686 1073 712 e
1113 672 1269 725 quibus
1305 672 1454 726 ingens

46 749 80 775 ιο
100 732 163 771 vis
208 732 391 772 telorum
436 733 479 771 in
523 734 863 786 propugnatores
909 731 1043 771 effusa
1084 734 1159 772 est.
1221 730 1454 784 Praecipue

100 791 225 832 rudes
258 792 409 831 talium
442 805 618 845 operum
651 791 868 831 terrebant
901 791 1080 831 mobiles
1114 793 1264 844 turres,
1295 793 1453 831 tantas-

101 865 181 904 que
213 851 347 892 moles
380 852 497 892 nulla
529 864 619 904 ope,
654 865 761 904 quae
794 852 1048 903 cerneretur-7
1081 849 1245 890 adiutas
1280 850 1453 890 deorum

98 910 272 951 numine
312 910 381 965 agi
413 909 656 951 credebant:
701 910 789 964 pila
822 924 992 963 quoque
1024 910 1205 950 muralia
1237 913 1278 949 et
1311 924 1455 950 excus-

100 984 167 1010 sas
212 970 435 1010 tormentis
485 984 737 1024 praegraves
781 969 926 1010 hastas
970 968 1186 1023 negabant
1229 969 1454 1010 convenire

46 1048 79 1072 15
100 1028 364 1070 mortalibus.
427 1027 577 1082 Itaque
618 1028 840 1082 desperata
881 1028 999 1069 urbis
1037 1028 1173 1068 tutela
1212 1042 1454 1069 concessere

101 1089 145 1128 in
177 1103 326 1129 arcem.
371 1087 485 1142 Inde,
519 1089 619 1142 quia
649 1087 759 1129 nihil
791 1088 974 1129 obsessis
1001 1090 1169 1141 praeter
1195 1087 1454 1135 deditionem

100 1148 286 1201 patebat,
317 1147 449 1203 legati
482 1148 532 1188 ad
565 1162 710 1202 regern
737 1147 1044 1188 descenderunt
1071 1148 1237 1188 veniam
1264 1146 1452 1201 petituri.

101 1206 193 1256 Qua
223 1207 436 1261 inpetrata
467 1207 615 1263 regina
646 1208 763 1248 venit
796 1221 890 1247 cum
921 1221 1076 1262 magno
1103 1207 1306 1247 nobilium
1336 1206 1456 1247 femi-

99 1281 250 1307 narum
289 1281 416 1322 grege
456 1268 594 1308 aureis
633 1267 792 1320 pateris
824 1267 923 1307 vina
953 1266 1193 1307 libantium.
1256 1265 1354 1319 Ipsa
1387 1280 1455 1321 ge—

46 1343 79 1369 20
99 1326 224 1367 nibus
256 1327 369 1381 regis
401 1340 532 1380 parvo
564 1326 654 1367 filio
688 1327 859 1367 admoto
892 1340 977 1366 non
1010 1325 1175 1366 veniam
1211 1326 1350 1379 modo,
1383 1325 1455 1366 sed

101 1385 229 1426 etiam
266 1386 471 1439 pristinae
508 1386 705 1426 fortunae
744 1385 972 1439 inpetravit
1011 1385 1152 1426 decus:
1196 1384 1353 1438 quippe
1386 1400 1456 1439 ap-

100 1447 257 1499 pellata
295 1445 443 1499 regina
480 1447 554 1485 est.
617 1444 674 1486 Et
713 1445 924 1485 credidere
957 1444 1129 1498 quidam
1164 1444 1260 1497 plus
1292 1444 1455 1485 formae

102 1518 228 1557 quam
273 1504 535 1545 miserationi
576 1504 739 1545 datum:
784 1519 916 1558 puero
959 1518 1128 1557 quoque
1161 1506 1274 1544 certe
1307 1506 1456 1557 postea

101 1578 152 1604 ex
184 1577 232 1603 ea
263 1566 493 1617 utcumque
525 1563 670 1618 genito
705 1563 944 1604 Alexandro
977 1563 1060 1603 fuit
1091 1577 1258 1604 nomen.

1482 387 1523 415 31

1481 742 1523 772 32

1482 1039 1526 1069 33

1482 1217 1525 1247 34

1482 1277 1524 1306 35

1483 1514 1526 1544 36

31 1627 80 1661 39
192 1621 303 1663 Hinc
334 1622 604 1676 Polypercon
645 1623 696 1663 ad
738 1623 887 1663 urbem
925 1621 1088 1662 Horam
1131 1636 1227 1664 cum
1267 1622 1454 1663 exercitu
1479 1626 1527 1659 XI

49 1699 81 1724 26
102 1682 259 1723 missus
290 1682 532 1723 inconditos
566 1682 802 1736 oppidanos
835 1681 998 1736 proelio
1031 1681 1150 1722 vicit:
1183 1683 1294 1722 intra
1320 1682 1456 1722 muni-

199 1827 215 1855 1
246 1822 359 1867 Ergo]
386 1832 454 1866 ego
480 1826 505 1855 P
525 1834 644 1866 vupr.
744 1826 763 1855 2
792 1821 1090 1856 demoliebantur
1118 1822 1277 1856 Gizama:
1307 1822 1454 1856 emolie-

102 1869 239 1903 bantur
265 1874 307 1911 P,
336 1869 609 1903 amoliebantur
635 1874 667 1904 C.
792 1874 811 1904 3
838 1870 1075 1915 magnarum]
1101 1881 1320 1914 magnorum
1347 1873 1381 1902 P.

103 1928 186 1950 cum
206 1917 318 1950 ramis
339 1917 627 1951 Freinshemius:
650 1917 806 1951 cumulis
829 1920 868 1951 A.
963 1921 981 1950 6
1009 1917 1251 1962 erigebantur
1269 1921 1310 1951 P:
1338 1917 1455 1961 erige-

103 1964 194 1998 bant
220 1969 251 1997 c.
361 1968 402 1998 10
430 1964 563 2010 effusa]
590 1963 663 1998 effu
689 1969 714 1998 P
734 1977 768 1999 m
795 1976 854 2009 pr.
961 1969 1003 1998 12
1031 1965 1180 1998 adiutas
1206 1969 1231 1997 F
1254 1976 1370 2008 impr.
1392 1967 1454 1996 VB

104 2022 193 2046 corr.
227 2016 252 2044 L
282 2023 389 2046 coron:
429 2012 577 2046 auditas
616 2015 641 2044 B
676 2024 718 2046 m.
748 2024 805 2055 pr.
839 2016 865 2045 F
896 2023 985 2046 corr.
1018 2016 1055 2053 P,
1094 2012 1384 2045 au*di*tas****
1418 2015 1453 2044 L.

107 2062 148 2092 13
176 2060 365 2105 excussas]
399 2070 550 2093 excusas
582 2063 618 2092 P.
750 2063 791 2093 15
819 2059 1032 2105 desperata]
1067 2060 1258 2103 disperata
1289 2063 1315 2091 P
1334 2071 1379 2093 m.
1397 2071 1454 2102 pr.

106 2109 147 2140 16
175 2106 279 2152 quia]
300 2117 372 2150 qua
394 2111 420 2139 F
443 2118 483 2140 m.
497 2118 553 2151 pr.
630 2106 806 2152 obsessis]
827 2107 994 2141 obsessos
1015 2111 1040 2140 P
1061 2119 1105 2141 m.
1120 2119 1180 2151 pr.
1282 2110 1322 2140 17
1350 2113 1454 2150 pate-

103 2153 170 2187 bat
183 2155 435 2189 Eberhardus:
462 2153 638 2198 placebat
651 2157 690 2187 A.
765 2158 807 2188 21
835 2155 964 2200 etiam]
992 2155 1109 2188 eciam
1123 2158 1162 2187 V.
1239 2158 1281 2188 22
1303 2155 1456 2198 quidam

105 2200 204 2246 plus]
225 2201 314 2245 quid
336 2202 496 2245 amplius
516 2205 542 2234 P
565 2214 605 2235 m.
618 2214 688 2245 pr„
709 2202 862 2244 quidam
883 2201 1044 2245 amplius
1065 2206 1090 2234 P
1110 2214 1155 2236 m.
1175 2213 1242 2236 rec.
1324 2205 1366 2235 23
1388 2201 1456 2235 mi-

106 2248 298 2294 serationi]
311 2249 569 2283 miserationni
582 2253 622 2283 V.
671 2250 802 2294 puero]
820 2260 912 2293 puro
927 2253 952 2281 P
966 2261 1010 2283 m.
1021 2261 1080 2294 pr.
1156 2253 1199 2282 25
1220 2248 1332 2294 Hinc]
1347 2248 1407 2282 hic
1423 2252 1455 2282 c.

104 2295 333 2339 Polypercon
348 2300 381 2329 1:
403 2296 619 2340 polipercon
633 2299 704 2338 BF,
725 2296 967 2340 poliperchon
982 2300 1087 2330 LPV.
1150 2296 1287 2331 Horam
1308 2297 1453 2340 scripsi:

105 2354 211 2376 nram
230 2346 255 2375 P
275 2355 401 2387 φημι,
421 2354 550 2377 noram
571 2347 626 2376 CP
645 2355 691 2378 m.
704 2355 768 2378 sec.
839 2347 882 2376 26
903 2344 1054 2389 missus]
1074 2344 1189 2377 misus
1207 2347 1266 2376 FL
1286 2356 1329 2378 m.
1342 2355 1399 2387 pr.
1415 2346 1454 2376 V.

1173 2402 1242 2435 19*
