1610 2522
89 255 108 283 {i

66 612 106 639 14)

64 849 100 878 11

63 1444 104 1474 13

63 1743 103 1772 14

137 72 193 113 (32
643 77 683 115 Q.
711 73 852 107 t'Ult'l'l
883 74 989 108 nuri

137 183 312 234 evomit,
354 198 427 225 iwc
468 199 567 224 saxa
606 187 824 238 cotesque,
871 199 976 238 quae
1019 184 1289 237 interpellent
1328 199 1489 238 specus,

137 242 319 283 obstant.
384 242 522 294 Igitur
549 244 599 284 ab
628 259 676 284 ea
704 248 833 297 parte,
861 259 986 297 quam
1016 244 1218 298 oppidani
1245 244 1488 298 conspicere

136 316 221 342 non
265 306 456 355 possent,
499 318 605 355 opus
646 318 785 357 orsus,
828 306 875 343 ut
912 319 935 343 a
975 318 1099 344 sensu
1140 304 1230 344 eius
1269 307 1488 356 averteret,

136 364 272 402 turres
308 362 439 402 muris
473 362 686 403 admoveri
730 362 857 403 iubet.
922 361 1001 403 Sed
1037 363 1180 403 eadem
1216 363 1371 403 humus
1404 378 1488 404 mo-

138 421 282 462 vendis
336 421 498 462 inutilis
551 422 739 462 turribus
789 422 1005 463 desidente
1056 422 1204 463 sabulo
1250 423 1486 478 agilitatem

137 484 322 520 rotarum
371 484 531 522 morata
571 483 697 522 etiam
742 480 930 522 tabulata
970 483 1149 523 turrium
1185 481 1488 537 perfringebat,

138 540 344 594 multique
380 541 712 582 vulnerabantur
745 542 914 594 inpune,
953 556 1046 582 cum
1093 541 1200 582 idem
1236 541 1488 596 recipiendis

135 600 204 652 qui
252 599 526 640 admovendis
570 601 759 641 turribus
805 602 926 642 labor
971 615 1041 642 eos
1086 601 1295 655 fatigaret.
1372 600 1486 655 Ergo

138 660 324 712 receptui
358 661 480 714 signo
515 660 612 701 dato
646 664 817 715 postero
851 661 917 701 die
953 675 1096 701 muros
1130 675 1285 701 corona
1312 661 1488 701 circum-

135 719 222 759 dari
257 719 394 760 iussit.
458 721 648 774 Ortoque
682 721 782 772 sole,
816 720 1063 774 priusquam
1097 720 1340 761 admoveret
1373 735 1487 761 exer-

134 778 286 827 citum,
338 794 459 833 opcm
513 779 635 820 deum
684 794 916 834 exposcens
968 794 1134 822 sacrum
1186 780 1323 833 patrio
1369 794 1486 821 more

134 837 328 880 faciebat.
397 838 526 880 Forte
570 840 886 893 praetervolans
932 854 1082 880 corvus
1127 839 1315 895 glebam,
1360 854 1486 893 quam

135 898 350 952 unguibus
384 898 557 952 ferebat,
591 899 732 940 subito
761 900 920 940 amisit:
955 914 1061 952 quae
1089 913 1184 941 cum
1219 899 1331 953 regis
1358 898 1487 953 capiti

134 956 364 1009 incidisset,
391 958 579 999 resoluta
607 958 795 1013 defluxit,
824 959 914 1013 ipsa
941 961 1080 999 autem
1111 960 1198 999 avis
1226 959 1268 999 in
1295 958 1487 1012 proxima

132 1019 248 1057 turre
277 1017 478 1058 consedit.
542 1017 669 1059 Inlita
697 1022 785 1059 erat
813 1019 943 1060 turris
964 1018 1174 1060 bitumine
1201 1032 1249 1059 ac
1271 1017 1486 1072 sulphure,

135 1076 177 1116 in
211 1092 293 1130 qua
327 1076 403 1118 alis
436 1077 710 1119 haerentibus
750 1078 908 1119 frustra
950 1092 992 1119 se
1026 1077 1219 1119 adlevare
1253 1081 1429 1119 conatus
1463 1092 1486 1118 a

86 1151 93 1159 ·
133 1137 508 1178 circumstantibus
542 1138 719 1191 capitur.
784 1137 924 1193 Digna
958 1152 1022 1178 res
1050 1139 1151 1187 visa,
1185 1137 1234 1178 de
1261 1152 1343 1191 qua
1370 1141 1485 1178 vates

134 1195 391 1237 consuleret:
426 1200 467 1237 et
501 1200 591 1238 erat
618 1212 702 1238 non
729 1198 912 1239 intactae
939 1212 962 1237 a
989 1197 1293 1252 superstitione
1321 1198 1485 1238 mentis.

132 1255 248 1309 Ergo
290 1256 561 1309 Aristander,
601 1256 666 1298 cui
707 1257 893 1298 maxima
932 1257 1035 1298 tides
1075 1256 1329 1310 habebatur,
1367 1256 1486 1297 urbis

132 1315 303 1368 quidem
346 1316 557 1357 excidium
603 1318 664 1357 ait
701 1317 880 1372 augurio
926 1316 999 1357 illo
1040 1316 1252 1370 portendi:
1299 1319 1483 1358 ceterum

132 1374 367 1428 periculum
402 1390 509 1429 esse,
548 1391 600 1417 ne
641 1391 712 1417 rex
746 1376 899 1417 vulnus
933 1377 1153 1430 acciperet.
1217 1375 1365 1430 Itaque
1399 1391 1482 1416 mo-

132 1435 237 1488 nuit,
277 1450 327 1475 ne
362 1435 462 1489 quid
496 1449 544 1476 eo
579 1436 644 1477 die
679 1437 893 1491 inciperet.
957 1434 1033 1476 Ille
1068 1449 1323 1489 quamquam
1357 1450 1483 1476 unam

131 1494 278 1535 urbem
325 1494 424 1548 sibi,
470 1510 553 1549 quo
600 1497 738 1536 minus
785 1510 956 1537 securus
1001 1495 1248 1550 Aegyptum
1296 1495 1485 1550 intraret,

131 1553 299 1594 obstare
342 1569 467 1609 aegre
508 1554 688 1608 ferebat,
737 1559 880 1596 tamen
920 1555 1061 1609 paruit
1102 1555 1188 1596 vati
1231 1555 1484 1610 signumque

133 1614 320 1667 receptui
349 1614 475 1654 dedit.
540 1614 651 1655 Hinc
671 1615 839 1656 animus
859 1615 993 1655 crevit
1015 1614 1212 1667 obsessis,
1238 1614 1482 1669 eg1essique

131 1676 254 1727 porta
276 1673 571 1715 recedentibus
600 1674 709 1715 inter
713 1679 788 1715 unt
815 1675 937 1729 signa
957 1674 1273 1715 cunct-itionem
1295 1673 1481 1714 hostium
1504 1691 1518 1715 ε

131 1747 250 1773 suam
280 1734 370 1774 fore
398 1733 664 1775 occasionem
699 1734 789 1775 rati.
854 1734 936 1774 Sed
963 1735 1100 1775 acrius
1134 1748 1259 1788 quam
1287 1737 1481 1775 constan-

131 1792 215 1832 tius
257 1792 466 1846 proelium
512 1793 715 1834 inierunt:
758 1794 915 1848 quippe
953 1797 1000 1834 ut
1040 1792 1319 1834 Macedonum
1360 1792 1482 1847 signa

131 1852 362 1907 circumagi
396 1852 549 1905 videre,
583 1856 755 1907 repente
789 1854 945 1894 sistunt
972 1853 1161 1906 gradum.
1224 1850 1398 1905 Iamque
1431 1851 1481 1891 ad

133 1926 271 1967 regem
303 1913 603 1965 proeliantium
638 1912 797 1953 clamor
823 1915 1083 1966 pervenerat,
1116 1927 1208 1953 cum
1243 1911 1480 1953 denuntiati

132 1970 308 2024 periculi
342 1971 454 2012 haud
497 1986 595 2013 sane
629 1986 790 2014 memor
822 1972 994 2014 loricam
1029 1976 1182 2024 tamen,
1221 1986 1346 2025 quam
1386 1984 1480 2011 raro

133 2030 346 2083 induebat,
379 2032 526 2072 amicis
561 2031 780 2072 orantibus
813 2032 998 2086 sumpsit
1036 2035 1076 2072 et
1108 2031 1157 2072 ad
1192 2031 1326 2084 prima
1360 2030 1482 2085 signa

228 2199 241 2228 1
273 2196 407 2230 evomit
437 2196 594 2230 munta:
632 2207 804 2230 euomens
832 2199 870 2229 A.
994 2200 1013 2229 6
1041 2197 1168 2229 etiam
1197 2195 1341 2239 scripsi:
1378 2198 1414 2229 et
1440 2197 1478 2228 Δ.

134 2246 172 2275 14
201 2242 371 2287 defluxit}
399 2243 528 2277 defluit
549 2247 576 2276 V
666 2248 707 2277 15
735 2242 926 2288 sulphure]
955 2243 1103 2287 sulpure
1130 2246 1270 2276 FLPV.
1347 2247 1389 2276 20
1417 2243 1481 2276 ait

130 2290 270 2323 miclau.
375 2296 414 2324 12
443 2292 602 2337 monuit]
629 2291 747 2325 mouit
766 2295 791 2324 P
813 2303 854 2325 111.
874 2303 928 2335 pr.
1024 2295 1066 2324 25
1096 2290 1188 2323 Hinc
1217 2293 1257 2323 P:
1288 2290 1354 2323 llic
1376 2293 1407 2324 C.

130 2338 357 2383 egressique}
386 2339 617 2383 egressisque
645 2342 670 2372 Β
696 2351 739 2373 m.
758 2350 826 2382 pr.‚
854 2338 1046 2381 egresique
1073 2342 1109 2372 F.

1510 739 1542 763 10

1509 1035 1540 1060 15

1506 1334 1540 1358 20

1502 1929 1536 1952 30
