1610 2522
63 770 95 794 10

64 1067 95 1092 15

63 1365 96 1389 20

64 1661 96 1686 25

64 1958 98 1982 30

354 104 687 140 ffls'roRIAawM
714 104 997 138 ALEXANDRI
1024 104 1119 148 vin,
1147 108 1176 138 ⁶2.
1201 109 1231 138 3
1386 105 1470 145 263

116 215 236 257 dolor
263 214 438 269 excepit.
485 214 687 269 Erigyius
715 214 826 254 inter
852 213 988 255 claros
1016 214 1142 254 duces
1169 214 1323 254 fuerat:
1346 228 1470 267 quem
1498 226 1541 255 -10

115 276 350 316 extinctum
377 289 467 315 esse
493 274 620 328 paulo
654 276 762 326 ante,
791 288 916 327 quam
942 276 1224 314 reverteretur
1250 273 1293 313 in
1323 276 1470 326 castra,

117 334 328 390 cognovit.
390 333 625 387 Utriusque
664 334 792 374 funus
832 333 948 374 omni
987 335 1195 387 apparatu
1237 335 1363 386 atque
1396 333 1469 373 ho-

116 409 218 435 nore
250 394 508 435 celebratum
541 395 615 434 est.

204 453 346 494 Dahas
386 452 535 493 deinde
578 454 784 493 statuerat
815 455 976 506 petere:
1023 451 1082 492 ibi
1115 466 1298 505 namque
1332 450 1470 505 Spita·
1493 456 1538 489 ΙΙ]

116 527 267 553 menen
312 527 401 553 esse
441 514 709 566 cognoveiat.
774 510 855 552 Sed
896 511 1005 552 hanc
1037 525 1206 565 quoque
1239 511 1471 565 expeditio-

115 587 224 625 nem,
257 574 304 612 ut
330 572 529 626 pleraque
557 571 650 622 alia,
682 572 856 611 fortuna
883 570 1142 625 indulgendo
1171 571 1209 611 ei
1234 585 1469 637 numquam

115 632 294 686 fatigata
334 645 410 685 pro
444 631 617 671 absente
650 631 869 685 transegit
934 629 1198 684 Spitamenes
1232 631 1377 671 uxoiis
1411 631 1471 670 111-

116 691 281 732 modico
327 705 469 731 amore
507 689 735 745 flagiQabat
781 705 905 744 quam
947 703 1071 745 aegre
1108 690 1255 744 fugam
1288 692 1330 730 01
1360 704 1471 731 nova

117 750 294 791 subinde
327 750 453 791 exilia
486 723 737 790 toleranteni
771 749 815 790 in
847 764 972 790 omne
1010 749 1238 790 discrimen
1270 749 1470 790 comitem

116 809 322 850 trahebat.
385 808 464 850 Illa
506 809 627 850 malis
666 809 845 864 fatigata
878 808 1107 849 identidem
1141 808 1369 850 muliebres
1402 810 1470 850 ad-
1497 821 1516 850 2

114 869 261 910 hibere
293 868 534 922 blanditias,
567 871 615 909 ut
645 868 813 909 tandem
842 869 989 923 fugam
1017 868 1185 909 sisteret
1210 869 1471 922 victorisque

116 928 349 970 Alexandri
379 928 646 969 clementiam
674 931 874 982 expertus
902 927 1098 981 placaret,
1131 942 1254 981 quem
1285 928 1470 983 effugere

115 1002 202 1029 non
233 990 390 1042 posset.
441 987 543 1029 Tres
571 987 705 1028 adulti
733 989 853 1029 erant
878 987 1001 1028 liberi
1029 1002 1080 1028 ex
1107 1002 1155 1028 eo
1183 988 1335 1042 geniti:
1363 1002 1469 1053 quos
1498 999 1517 1029 3

117 1062 210 1089 cum
245 1047 407 1102 pectori
440 1047 574 1101 patiis
608 1047 879 1100 admovisset,
911 1049 959 1088 ut
991 1048 1141 1088 saltem
1175 1061 1321 1088 eorum
1348 1047 1470 1088 mise-

114 1108 197 1148 reri
232 1109 375 1159 vellet,
420 1106 584 1147 or:abat
630 1109 690 1159 01,
735 1122 818 1161 quo
852 1106 1110 1147 efficaciores
1144 1109 1283 1147 essent
1315 1121 1471 1161 preces,

115 1166 230 1207 haud
267 1166 417 1221 procul
455 1168 543 1207 erat
574 1164 826 1207 Alexander.
889 1165 967 1207 Ille
1006 1180 1048 1207 se
1080 1166 1221 1219 prodi,
1265 1180 1350 1207 non
1383 1181 1470 1207 mo·
1497 1178 1516 1208 4

115 1226 206 1266 neri
238 1229 354 1267 ratus
387 1229 428 1266 et
457 1226 618 1266 formae
645 1226 835 1279 profecto
863 1225 1019 1267 fiducia
1046 1240 1198 1279 cupere
1225 1240 1315 1266 eam
1343 1240 1468 1280 quam

116 1287 302 1339 primum
336 1285 430 1326 dedi
463 1284 706 1326 Alexandro
740 1286 953 1326 acinacem
986 1285 1160 1326 strinxit
1191 1299 1470 1339 percussurus

116 1360 302 1397 uxorem,
334 1344 418 1385 nisi
444 1343 688 1399 prohibitus
715 1348 826 1386 08801
851 1345 1031 1385 fratrum
1060 1346 1148 1385 01118
1171 1358 1359 1386 occursu.
1398 1344 1469 1385 Ce-
1498 1356 1516 1385 .3

117 1407 255 1445 terum
288 1404 402 1445 abire
435 1419 456 1446 e
489 1407 719 1458 conspectu
753 1404 871 1445 iubet
903 1404 1048 1445 addito
1081 1407 1198 1445 metu
1232 1404 1392 1457 mortis,
1435 1405 1468 1445 si

117 1478 160 1504 se
199 1463 334 1505 oculis
372 1463 463 1504 eius
501 1463 744 1516 obtulisset,
789 1466 830 1504 01
870 1463 921 1503 ad
955 1463 1210 1505 desiderium
1244 1463 1470 1504 levandum

116 1525 262 1564 noctes
296 1537 419 1577 agere
452 1523 562 1563 inter
595 1523 749 1577 pelices
783 1523 933 1578 coepit.
986 1522 1068 1563 Sed
1096 1524 1265 1577 penitus
1292 1523 1470 1564 haerens
1498 1535 1517 1564 6

116 1597 235 1623 011101·
265 1582 436 1623 fastidio
471 1582 757 1636 praesentium
791 1596 991 1624 accensus
1025 1585 1099 1623 081.
1151 1581 1299 1636 Itaque
1325 1597 1470 1624 rursus

116 1641 190 1682 11111
229 1642 267 1682 01
306 1642 472 1682 (10(111118
506 1657 625 1683 orare
656 1656 744 1682 non
777 1642 956 1694 destitit,
1000 1644 1048 1682 ut
1080 1641 1155 1682 1011
1189 1642 1367 1683 consilio
1401 1642 1470 1682 ab-

117 1702 292 1742 stineret
324 1704 624 1755 patereturque
657 1704 828 1754 sortem,
871 1715 1182 1755 quamcumque
1215 1701 1266 1742 iis
1298 1701 1470 1742 fortuna

116 1760 301 1801 fecisset:
335 1761 416 1801 sibi
448 1764 628 1801 mortem
662 1760 876 1802 deditione
910 1775 998 1801 esse
1031 1761 1244 1802 leviorem.
1307 1760 1365 1802 At
1397 1761 1470 1802 illa

117 1834 298 1875 purgare
330 1834 391 1872 se,
424 1820 554 1873 quod,
588 1835 693 1874 quae
726 1820 849 1861 utilia
881 1835 970 1861 esse
1003 1820 1217 1873 censebat,
1256 1820 1470 1861 muliebri-

117 1882 182 1919 ter
212 1879 406 1932 forsitan,
438 1880 509 1920 sed
542 1879 626 1920 fida
658 1883 800 1920 tamen
833 1883 973 1921 mente
1000 1880 1219 1921 suasisset:
1253 1880 1302 1920 de
1330 1883 1469 1921 cetero

117 1939 304 1979 futuram
337 1939 379 1979 in
412 1939 490 1980 viri
525 1941 746 1992 potestate.
798 1938 1065 1993 Spitamenes
1093 1940 1292 1980 simulato
1321 1942 1469 1993 captus
1496 1951 1515 1980 s

1500 1773 1516 1802 *l

215 2131 231 2160 1
260 2126 419 2172 excepit]
447 2127 615 2171 excoepit
640 2131 675 2161 P.
799 2127 972 2172 Erigyius
999 2128 1218 2162 Frobenius:
1253 2127 1402 2172 eriguus
1429 2130 1467 2160 A.

119 2177 139 2207 5
166 2174 307 2220 Dahas]
335 2175 448 2208 debas
475 2179 500 2207 F
528 2186 570 2208 m.
592 2187 652 2219 pr.
775 2178 794 2207 9
823 2185 931 2219 aegre
964 2174 1093 2218 fugam
1122 2175 1278 2210 Gz'zmta:
1319 2185 1469 2218 aegram

118 2221 209 2265 fuga
235 2225 274 2255 A.
376 2226 416 2256 16
444 2221 684 2268 efficaciores]
713 2222 933 2256 efficatiores
960 2226 1030 2256 FP.
1131 2226 1173 2256 18
1203 2221 1353 2267 fiducia]
1376 2222 1469 2256 fidu-

119 2269 174 2302 tia
192 2272 265 2302 FV.
372 2273 413 2303 19
441 2269 646 2314 acinacem]
675 2269 855 2303 acinacim
883 2273 1023 2303 FLPV.
1141 2269 1305 2314 strinxit]
1339 2269 1469 2303 8111110-

119 2316 174 2350 xit
199 2320 224 2348 1³
344 2317 600 2361 percussurus]
632 2328 870 2360 percursurus
897 2320 936 2350 V.
1060 2321 1103 2351 20
1131 2316 1356 2361 prohibitus]
1386 2328 1467 2361 pro-

119 2364 219 2397 bitus
246 2367 284 2396 V.
385 2368 426 2397 21
456 2376 474 2397 0
501 2366 702 2408 conspectu
729 2367 840 2397 BLV:
869 2367 1069 2408 conspectu
1096 2368 1165 2397 FP.
