1610 2522
165 88 249 128 236
667 89 707 129 Q.
736 88 876 123 CI‘RTI
907 88 1016 122 RUFI

167 212 280 238 mero
327 197 495 250 quidem
543 212 634 250 par,
680 197 750 238 diu
790 200 931 239 tamen
965 197 1125 238 resistit
1156 197 1377 238 clamitans
1412 196 1516 238 nihil

165 256 278 297 aliud
307 271 526 310 superesse
553 258 741 298 locorum
775 257 922 297 fraude
949 256 1133 310 deceptis
1162 272 1286 310 quam
1318 257 1518 298 lmnestae

93 327 136 356 35
164 317 313 356 mortis
347 317 551 357 solacium
592 331 641 357 ex
675 316 863 356 hostium
896 315 1031 357 caede.
1094 315 1237 370 Ipsum
1271 316 1518 370 praevalens

163 390 296 428 equus
348 375 547 429 vehebat,
598 390 681 429 quo
733 377 901 430 saepius
954 375 994 416 in
1042 390 1197 417 cuneos
1243 375 1517 417 barbarorum

92 446 135 475 313
164 435 307 476 offusis
339 434 515 476 habenis
549 438 719 477 evectus
753 450 907 490 magna
940 437 1081 490 strage
1108 449 1179 476 eos
1206 435 1383 476 fuderat.
1437 435 1517 476 Sed
1557 452 1571 477 5

163 509 257 535 cum
290 509 422 535 unum
457 508 603 535 onmes
631 497 834 548 peterent,
869 495 1013 535 multis
1041 494 1287 536 vulneribus
1313 494 1518 550 exanguis

164 553 411 608 Hypsiclem
435 553 643 608 quendam
671 569 721 595 ex
745 555 890 595 amicis
912 554 1107 595 hortatus
1128 557 1203 607 est,
1229 557 1277 595 ut
1298 555 1340 595 in
1362 569 1517 608 equum

163 628 285 654 suum
326 613 566 655 escenderet
605 616 646 654 et
686 629 729 655 se
767 614 869 669 fuga
908 613 1098 667 eriperet.
1168 613 1284 654 Haec
1323 616 1518 669 agentem

163 673 303 713 anima
345 673 515 726 defecit,
562 688 801 728 corpusque
840 689 890 714 ex
923 687 1031 727 equo
1065 673 1242 714 defluxit
1276 674 1317 713 in
1350 676 1516 715 terram.

93 746 128 775 3«
165 732 387 786 Hypsicles
427 735 595 786 poterat
627 733 797 786 quidem
838 733 1039 788 effugere,
1084 733 1155 773 sed
1195 733 1348 774 amisso
1382 733 1518 774 amico
1540 751 1573 775 ιο

164 792 271 832 mori
317 792 477 833 statuit.
553 791 646 833 Una
691 795 782 833 erat
828 807 942 843 cura,
989 807 1039 832 ue
1085 792 1246 833 inultus
1293 791 1518 834 occideret:

165 852 307 905 itaque
340 851 522 892 subditis
556 852 790 893 calcaribus
824 866 932 906 equo
966 852 1007 892 in
1042 852 1204 892 medios
1232 852 1368 893 hostis
1389 866 1431 893 se
1458 852 1520 893 in-

163 911 279 952 misit
333 913 373 951 et
424 911 690 952 memorabili
737 911 850 952 edita
893 926 1038 966 pugna
1083 911 1260 952 obrutus
1304 911 1401 952 telis
1446 914 1519 952 est.

92 984 134 1012 :522
164 969 287 1019 Quod
319 971 391 1011 ubi
423 971 577 1020 videre,
612 972 687 1024 qui
713 971 828 1012 caedi
857 974 1118 1025 supererant,
1152 971 1364 1012 tumulum
1391 972 1518 1025 paulo

163 1044 288 1083 quam
322 1033 459 1071 cetera
492 1031 712 1072 editiorem
747 1031 938 1085 capiunt:
972 1045 1078 1084 quos
1112 1029 1376 1084 Spitamenes
1408 1030 1519 1071 fame
1542 1047 1573 1072 15

92 1102 134 1131 32·
163 1090 205 1130 in
240 1089 497 1130 deditionem
532 1089 784 1131 subacturus
819 1090 996 1131 obsedit.
1049 1089 1246 1131 Cecidere
1279 1104 1328 1130 eo
1355 1090 1518 1144 proelio

162 1149 354 1202 peditum
388 1161 419 1189 11
453 1150 582 1203 milia,
623 1161 706 1191 CCC
739 1149 913 1204 equites.
978 1150 1112 1199 Quam
1145 1149 1305 1191 cladem
1339 1150 1518 1191 Alexan-

163 1208 236 1249 der
268 1209 430 1250 sollerti
458 1209 636 1250 consilio
664 1209 784 1262 texit,
816 1212 953 1250 morte
980 1209 1228 1249 denuntiata
1254 1209 1332 1262 his,
1366 1209 1439 1263 qui
1469 1223 1517 1250 ex

64 1275 143 1308 vul
164 1268 327 1322 proelio
361 1268 637 1321 advenerant,
683 1269 717 1309 si
750 1271 841 1310 acta
874 1270 1131 1324 vulgassent.
1196 1269 1391 1309 Ueterum
1425 1282 1520 1310 cum
1540 1272 1590 1307 33

163 1328 304 1369 aninlo
351 1328 563 1382 disparem
603 1330 769 1369 vultum
808 1328 967 1369 diutius
1006 1328 1115 1369 ferre
1151 1342 1236 1368 non
1269 1330 1429 1381 posset,
1475 1328 1519 1369 in
1539 1346 1573 1370 ρο

164 1387 480 1428 tabernaculum
525 1402 651 1441 super
689 1388 825 1442 ripam
865 1388 1054 1428 fluminis
1087 1387 1136 1428 de
1171 1387 1379 1428 industria
1410 1388 1519 1429 loca-

116 1462 134 1490 2
162 1450 253 1488 tum
288 1447 472 1488 secessit.
535 1446 599 1487 Ibi
635 1447 724 1488 sine
757 1447 928 1488 arbitris
962 1447 1131 1502 singula
1163 1447 1293 1488 animi
1326 1448 1519 1488 consulta

162 1507 379 1561 pensando
414 1509 581 1548 noctem
615 1506 773 1562 vigiliis
807 1507 992 1548 extraxit
1023 1521 1146 1561 saepe
1173 1506 1358 1561 pellibus
1384 1506 1519 1548 taber-

162 1567 304 1608 naculi
331 1566 547 1618 adlevatis,
575 1569 622 1607 ut
649 1567 913 1620 conspiceret
938 1567 1127 1608 hostium
1154 1566 1286 1621 ignes,
1316 1580 1337 1606 e
1365 1566 1519 1620 quibus

162 1626 398 1667 coniectare
436 1629 622 1679 poterat,
667 1629 827 1680 quanta
868 1626 1088 1667 hominum
1129 1625 1359 1666 multitudo
1398 1629 1516 1666 esset.
1540 1642 1572 1667 25

115 1699 134 1728 3
162 1683 336 1739 Iamque
368 1686 443 1726 lux
476 1685 713 1740 adpetebat,
747 1699 842 1726 cuni
876 1686 1092 1727 thoracem
1126 1685 1299 1726 indutus
1327 1684 1520 1739 procedit

162 1744 213 1784 ad
241 1744 411 1798 milites,
437 1748 529 1785 tum
556 1745 741 1798 primum
770 1748 867 1799 post
894 1746 1047 1786 vulnus
1072 1745 1265 1798 proxime
1287 1747 1518 1799 acceptum.

116 1819 131 1847 .1
163 1803 298 1845 Tanta.
331 1807 420 1845 erat
453 1804 565 1858 apud
599 1819 670 1845 eos
703 1805 918 1845 veneratio
951 1804 1075 1859 regis,
1107 1807 1154 1844 ut
1180 1804 1304 1845 facile
1330 1804 1518 1858 periculi,

258 1924 277 1953 3
306 1920 501 1965 solacium!
529 1921 703 1956 solatium
731 1925 803 1954 FV.
879 1921 1057 1966 hostium]
1085 1921 1220 1955 ostium
1244 1924 1279 1954 F.
1356 1924 1374 1954 6
1402 1932 1515 1954 unum

163 1968 304 2013 omnes]
337 1981 461 2003 omnes
495 1980 607 2003 unum
642 1973 678 2003 F.
809 1973 826 2002 ῖ
856 1969 1070 2013 Hypsiclem
1106 1969 1356 2003 Euo-hardus:
1397 1968 1516 2012 suspi-

163 2016 262 2050 ciens
278 2019 316 2049 A.
388 2016 573 2063 hortatus]
589 2019 729 2051 ortatus
746 2021 784 2050 V.
854 2020 874 2051 8
890 2016 1103 2051 escenderet
1117 2020 1158 2049 P:
1181 2016 1395 2051 ascenderet
1411 2020 1443 2049 c.

163 2075 201 2097 se
227 2075 292 2097 om.
316 2067 341 2096 B
364 2076 406 2097 m.
427 2076 481 2108 pr.
570 2068 588 2098 9
617 2075 658 2099 ex
687 2065 796 2109 eqqu
824 2074 866 2098 ex
893 2075 964 2107 quo
985 2067 1023 2097 V.
1110 2067 1151 2097 10
1180 2063 1373 2107 Hypsicles
1402 2063 1516 2098 Eber-

162 2112 316 2146 hardus:
345 2112 522 2156 hypsides
551 2116 583 2149 C,
610 2112 761 2156 ypsides
782 2116 817 2145 P.
894 2112 1055 2156 poterat]
1082 2114 1253 2155 poterant
1275 2114 1303 2144 V
1326 2123 1367 2145 m.
1384 2123 1442 2155 pr.

163 2159 314 2204 amisso]
336 2160 488 2193 amissos
510 2163 534 2192 L
557 2172 598 2194 m.
615 2171 673 2203 pr.
752 2164 793 2194 14
814 2158 1014 2203 tumulum]
1036 2158 1237 2192 tumultum
1258 2162 1292 2192 Ρ.
1370 2162 1412 2192 15
1435 2157 1515 2203 Spi-

163 2208 345 2252 tamenes]
362 2206 626 2251 sphytamenes
638 2211 673 2241 P.
746 2212 788 2241 16
804 2207 1048 2251 deditionem]
1065 2206 1296 2240 dedicionem
1311 2209 1336 2238 L
1350 2217 1394 2240 m.
1406 2217 1464 2250 pr.
1480 2210 1515 2239 P.

167 2260 207 2287 1⁵
235 2253 391 2300 sollerti]
426 2253 571 2288 sollerci
597 2258 637 2288 V.
751 2258 792 2288 19
820 2265 901 2288 cum
929 2264 994 2287 om.
1017 2257 1044 2287 V
1065 2265 1108 2287 m
1132 2265 1187 2297 pr.
1300 2257 1343 2287 20
1376 2254 1516 2299 posset]

164 2301 281 2346 possit
307 2305 350 2341 P,
386 2312 531 2346 possem
558 2306 587 2335 V
616 2314 657 2336 ηι.
684 2315 738 2346 pr.
886 2305 930 2334 24
958 2301 1136 2347 hostium]
1173 2301 1309 2335 ostium
1336 2304 1365 2333 V
1390 2313 1435 2335 m.
1458 2312 1516 2345 pr.

165 2352 208 2384 ⁴26
236 2348 454 2395 adpetebat]
481 2350 659 2394 apetebat
678 2354 713 2384 1²¹.
813 2349 1018 2395 thoracem]
1046 2351 1207 2383 toracem
1235 2352 1266 2382 G.
