1610 2522
159 92 239 131 144
656 90 696 131 Q.
725 89 869 123 UL‘RTI
897 89 1009 123 RUFI

86 211 125 240 15
153 202 323 253 ceperat
357 215 428 239 —:
462 199 606 252 itaque
651 199 791 239 citatis
824 198 947 251 equis
980 198 1182 239 advolant
1222 198 1509 251 sequentibus,

153 273 259 313 quos
289 259 341 300 ad
370 259 653 299 ministerium
682 258 851 299 sceleris
879 257 1135 312 delegerant,
1167 260 1220 310 et,
1253 271 1348 298 611111
1376 256 1510 297 taber-

151 320 350 359 naculum
383 318 632 370 intrassent,
678 317 778 370 quia
816 331 955 371 regem
990 317 1131 358 vivere
1163 316 1372 370 spadones
1406 315 1509 356 indi-

84 388 125 418 16
154 378 325 431 cabant,
370 377 658 431 conprehendi
697 376 934 430 vincirique
974 376 1198 417 iusserunt.
1263 375 1353 416 Rex
1386 389 1510 416 curru

154 438 280 491 paulo
314 439 413 478 ante
445 439 591 478 vectus
618 439 661 476 et
682 436 855 476 deorum
878 435 1079 489 auspiciis
1101 443 1148 476 ac
1174 434 1352 476 summis
1379 435 1510 475 hono-

154 496 271 537 ribus
317 497 456 537 cultus
501 497 620 537 nulla
663 498 839 535 externa
880 507 958 548 ope
998 494 1170 535 admota
1202 495 1396 548 captivus
1430 508 1512 534 ser-

154 570 303 596 vorum
332 570 504 597 suorum
532 556 576 596 in
603 554 822 596 sordidum
849 554 1092 595 vehiculum
1120 553 1304 608 pellibus
1324 553 1511 606 undique

87 626 126 655 17
155 618 395 656 contectum
430 615 660 668 inponitur.
723 613 910 655 Pecunia
948 613 1060 669 regis
1093 617 1135 655 et
1167 615 1358 667 supellex
1391 612 1510 666 quasi

157 675 258 716 belli
298 675 389 716 iure
428 674 646 729 diripitur,
691 673 919 727 onustique
953 672 1109 727 praeda
1141 687 1216 726 per
1248 673 1384 715 scelus
1418 671 1514 712 ulti-

85 744 127 774 18
154 749 271 775 mum
304 737 427 788 parta
458 734 604 789 fugam
639 732 876 774 intendunt.
940 731 1178 773 Artabazus
1211 746 1307 772 611111
1339 731 1404 783 iis,
1440 731 1512 784 qui

156 794 336 847 imperio
370 793 589 847 parebant,
622 792 878 846 Graecisque
912 792 1121 833 militibus
1153 790 1413 832 Parthienen
1446 805 1513 844 pe-

86 863 127 893 19
155 853 272 894 tebat
293 854 436 894 omnia
456 852 618 894 tutiora
637 852 946 906 parricidarum
967 852 1173 892 comitatu
1192 854 1320 892 ratus.
1362 849 1514 891 Persae

155 913 378 967 promissis
404 912 525 953 Bessi
559 912 724 953 onerati
757 911 951 965 maxime,
985 911 1086 964 quia
1117 925 1242 951 nemo
1275 910 1384 951 alius
1415 912 1517 961 erat,

157 987 282 1026 quem
334 974 629 1026 sequerentur,
679 972 936 1012 coniunxere
987 985 1030 1011 se
1074 969 1314 1011 Bactrianis
1364 983 1513 1024 agmen

85 1041 129 1074 20
156 1046 302 1073 eorum
317 1032 444 1073 tertio
460 1031 648 1072 adsecuti
664 1030 741 1071 die.
765 1029 831 1071 Ne
851 1033 996 1071 tamen
1015 1029 1152 1070 honos
1173 1029 1262 1085 regi
1284 1043 1371 1069 non
1391 1027 1514 1069 habe-

157 1093 287 1146 retur,
313 1092 452 1133 aureis
480 1090 742 1145 conpedibus
764 1089 949 1131 Dareum
976 1089 1171 1131 vinciunt
1196 1103 1307 1130 nova
1331 1087 1516 1129 ludibria

158 1151 336 1192 subinde
375 1150 646 1206 excogitante
682 1150 866 1191 fortuna.
929 1148 987 1189 Et
1019 1164 1071 1189 ne
1103 1148 1214 1189 forte
1248 1149 1364 1189 cultu
1396 1147 1514 1202 regio

158 1213 303 1264 posset
335 1210 522 1266 agnosci,
560 1209 742 1251 sordidis
774 1208 958 1263 pellibus
992 1208 1234 1249 vehiculum
1266 1208 1516 1257 intexeraut,

157 1270 295 1324 ignoti
336 1271 525 1311 iumenta
557 1268 760 1325 agebant,
805 1283 855 1308 ne
888 1267 1238 1322 percontantibus
1272 1268 1314 1307 in
1347 1265 1516 1321 agmine

160 1329 387 1371 monstrari
419 1332 577 1384 posset,
583 1301 808 1370 ”custodes
841 1329 991 1382 procul
1023 1326 1319 1381 sequebantur.

54 1392 137 1426 XIII
247 1388 490 1430 Alexander
532 1388 697 1440 audito,
730 1387 916 1429 Dareum
962 1388 1147 1428 movisse
1189 1387 1240 1427 ab
1273 1383 1517 1437 Ecbatanis,
1539 1394 1547 1421 :

159 1448 316 1490 omisso
349 1448 514 1502 itinere,
547 1447 660 1502 quod
686 1447 872 1502 petebat,
904 1447 947 1487 in
974 1445 1170 1499 Mediam,
1196 1445 1431 1501 fugientem
1458 1444 1517 1484 111-

113 1520 132 1549 2
160 1508 280 1563 sequi
325 1509 466 1563 pergit
510 1511 692 1548 strenue.
755 1506 892 1547 Tabas
928 1531 979 1535 »-
1015 1505 1219 1560 oppidum
1258 1507 1321 1546 est
1359 1504 1402 1545 in
1440 1502 1516 1544 Pa-

158 1571 378 1609 raetacene
415 1567 569 1608 ultima
605 1592 653 1595 —
689 1566 898 1621 pervenit:
941 1565 998 1606 ibi
1038 1565 1284 1619 transfugae
1317 1563 1518 1604 nuntiant

112 1639 132 1669 3
159 1627 382 1681 praecipiti
414 1627 517 1682 fuga
544 1626 697 1668 Bactri
730 1629 874 1680 petere
894 1625 1091 1666 Dareum.
1144 1623 1335 1665 Certiora
1367 1621 1517 1663 deinde

161 1688 381 1742 cognoscit
420 1701 468 1727 ex
508 1686 739 1740 Bagistane
772 1685 1030 1739 Babylonio,
1072 1683 1145 1738 qui
1183 1683 1367 1724 nondum
1405 1681 1517 1722 vinc-

159 1748 251 1787 tum
296 1760 456 1801 regem,
501 1721 599 1786 sedo
611 1745 655 1785 in
687 1745 877 1798 periculo
910 1758 1000 1785 esse
1033 1747 1106 1783 aut
1138 1742 1288 1784 mortis
1325 1744 1398 1783 aut
1430 1741 1518 1782 vin-

112 1806 133 1835 4
161 1807 355 1847 culorum
394 1804 657 1846 adfirmabat.
721 1804 810 1844 Rex
851 1803 1030 1845 ducibus
1071 1802 1332 1844 convocatis:
1387 1800 1517 1841 Maxi-

257 1927 276 1956 5
304 1933 347 1956 ac
374 1922 526 1956 summis
549 1923 726 1956 szzsius:
756 1931 798 1954 ac
825 1920 901 1954 suis
922 1925 955 1963 c,
983 1932 1004 1954 a
1030 1919 1105 1953 suis
1125 1923 1159 1953 P.
1260 1926 1279 1947 θ’
1308 1919 1516 1952 contectum

162 1972 302 2005 Lauer:
331 1971 578 2004 contectusA
582 1997 587 2002 .
699 1972 720 2003 8
747 1967 930 2012 supellex]
959 1967 1150 2011 suppellex
1176 1971 1211 1999 Ρ.
1330 1969 1349 1999 9
1377 1965 1517 1998 onusti-

161 2018 249 2063 que]
276 2017 501 2061 honustique
527 2020 562 2050 P.
678 2020 718 2050 10
746 2016 791 2049 iis
817 2019 850 2048 1:
879 2015 936 2048 111.
964 2019 1002 2049 A
1123 2019 1158 2047 11
1191 2013 1388 2058 parebant]
1415 2024 1517 2056 pere-

161 2066 253 2100 bant
278 2069 312 2098 P.
429 2064 671 2108 Parthienen}
698 2076 733 2107 p
727 2063 894 2097 irtienen
922 2066 943 2095 C
970 2062 1193 2107 {partienem
1219 2062 1271 2107 Lj.
1391 2064 1432 2094 12
1460 2062 1516 2093 tu-

161 2113 273 2158 tiora]
300 2112 438 2146 tutiore
463 2116 503 2145 V.
614 2110 901 2156 parricidarum]
929 2110 1181 2154 parricidarum
1207 2114 1242 2143 P.
1336 2107 1516 2142 comitatu

161 2162 306 2204 scripsi:
336 2160 505 2194 contuitu
531 2163 573 2202 P,
601 2158 809 2193 contuitum
835 2163 866 2191 c
979 2162 1020 2192 13
1047 2157 1254 2201 promissis}
1283 2155 1454 2200 promisis
1480 2158 1516 2188 L.

163 2211 204 2241 21
234 2207 436 2242 Ecbatanis
462 2211 495 2241 1:
530 2206 770 2241 haecbatanis
796 2209 827 2242 C.
856 2205 1124 2239 haer-bathanis
1145 2208 1179 2237 P.
1274 2208 1317 2236 ‘23
1346 2203 1519 2236 Paraeta-

163 2266 251 2289 cene
269 2256 418 2299 (‘71›.s)›1cs:
442 2254 679 2298 partelacene
695 2258 728 2295 c,
755 2256 860 2297 parte
888 2253 992 2286 lacae
1019 2264 1088 2286 nae
1114 2256 1148 2285 P.
1249 2256 1292 2284 25
1319 2250 1517 2295 praecipiti

164 2303 370 2337 Bensleius:
399 2301 642 2346 praecipitem
662 2304 702 2336 A.
795 2305 837 2334 26
867 2299 1073 2345 Babylonio
1100 2304 1132 2333 1:
1161 2299 1386 2342 babyloniae
1407 2302 1445 2332 A.

163 2351 226 2394 qui
256 2350 419 2385 nondum
445 2351 589 2393 scripsi:
619 2348 790 2392 equidem
818 2351 856 2381 A.

1538 753 1567 775 1⁰

1538 1047 1569 1072 15

1539 1642 1571 1667 25
