1610 2522
31 754 63 778 10

31 1051 62 1075 15

325 89 653 125 HISTORIARUM
689 89 966 123 ‚AxhffiXANDRI
994 89 1053 132 111,
1084 94 1111 123 1.
1141 95 1171 124 2.
1400 90 1422 129 7

81 201 206 242 nibus
235 200 482 254 levibusque
509 200 640 241 scutis
669 199 850 240 maxime
878 202 1015 240 cetrae
1043 199 1226 253 speciem
1254 199 1426 239 redden-

82 261 214 312 tibus,
271 260 460 314 peditum
511 259 652 301 decem
709 258 826 300 milia
877 259 1066 312 equitum
1119 259 1208 312 pari
1261 261 1425 299 armatu

84 319 377 374 sequebantur.
435 319 624 360 Armenii
648 318 930 374 quadraginta
952 318 1071 359 milia
1092 318 1294 359 miserant
1314 317 1426 372 pedi-
1455 330 1474 359 6

83 383 172 420 tum
211 379 366 420 additis
406 382 566 432 septen]
607 378 780 419 milibus
820 378 1022 432 equiturn.
1086 377 1274 432 Hyrcani
1314 392 1426 433 egre<

83 439 249 495 giorum
289 440 479 492 equitnm,
517 442 564 479 ut
603 439 712 479 inter
750 438 844 479 illas
883 440 1049 493 genteS‚
1095 452 1166 478 sex
1206 438 1323 478 milia
1361 452 1427 477 ex-

82 498 300 553 pleverant
342 498 496 539 additis
539 497 755 552 equitibus
804 497 919 538 mille
960 496 1153 550 Tapuris.
1226 497 1427 538 Derbices
1457 509 1474 538 7

84 557 363 613 quadraginta
396 557 586 611 peditum
626 556 745 598 milia
778 560 1060 598 armaverant:
1102 556 1295 611 pluribus
1334 572 1428 598 aere

83 620 156 659 aut
188 617 297 658 ferro
331 618 541 671 praefixae
573 617 737 669 hastae,
777 617 948 670 quidam
980 616 1146 672 lignum
1186 617 1276 672 igni
1310 616 1428 657 dura-

83 679 240 718 verant.
312 676 401 718 Hos
447 691 615 730 quoque
660 676 742 717 duo
788 676 906 717 milia
950 676 1141 730 equitum
1188 690 1238 717 ex
1284 676 1427 717 eadem

83 739 208 792 gente
251 736 450 777 comitata
500 739 607 777 sunt.
680 735 718 776 A
762 734 914 790 Caspio
962 736 1069 777 mari
1117 738 1212 777 octo
1260 735 1427 777 milium
1455 747 1475 777 8

83 796 277 850 pedester
309 797 518 837 exercitus
558 798 746 848 venerat,
785 795 955 836 ducenti
994 795 1167 850 equites.
1233 795 1339 837 Cum
1378 796 1428 836 iis

83 859 202 896 erant
235 855 444 911 ignobiles
477 855 584 896 aliae
611 858 778 911 gentes:
813 855 895 895 duo
928 855 1048 896 milia
1079 855 1283 909 peditum,
1316 855 1430 909 equi-

83 917 173 956 tum
196 915 406 969 duplicem
427 918 680 969 paraverant
699 929 932 955 numerum.
996 914 1075 956 His
1097 915 1229 969 copiis
1250 915 1429 971 triginta
1457 927 1476 956 9

82 974 200 1015 milia
228 974 481 1016 Graecorum
516 974 706 1016 mercede
740 973 948 1016 conducta
974 975 1169 1030 egregiae
1196 975 1429 1016 iuventutis

84 1034 256 1076 adiecta.
336 1034 447 1075 Nam
506 1034 754 1076 Bactrianos
812 1037 852 1075 et
910 1033 1148 1089 Sogdianos
1205 1037 1246 1075 et
1301 1034 1429 1075 Indos

85 1097 329 1148 ceterosque
368 1093 503 1134 Rubri
542 1094 668 1135 maris
708 1094 890 1147 accolas,
939 1094 1086 1148 ignota
1125 1094 1252 1134 etiam
1290 1093 1430 1135 Persis

84 1153 274 1209 gentium
328 1154 516 1206 nomina,
566 1154 784 1195 festinatio
829 1153 1085 1207 prohibebat
1129 1153 1266 1194 acciri.
1340 1153 1432 1195 Nec
1460 1166 1501 1195 10

85 1213 314 1267 quicquam
354 1213 417 1254 illi
455 1213 595 1254 minus
636 1228 761 1267 quam
800 1212 1032 1254 multitudo
1065 1213 1252 1254 militum
1285 1213 1429 1254 defuit.

86 1272 215 1314 Cuius
259 1276 351 1313 tum
396 1273 615 1314 universae
662 1275 835 1327 aspectu
881 1272 1107 1314 admodum
1152 1273 1289 1314 laetus
1333 1288 1430 1328 pur-

31 1350 45 1373 ε.»
83 1332 247 1387 puratis
276 1332 402 1374 solita
428 1333 614 1373 vanitate
648 1347 764 1386 spem
800 1332 890 1374 eius
923 1332 1171 1373 inflantibus
1205 1346 1431 1374 conversus

85 1392 135 1432 ad
182 1390 498 1439 Charidemum,
548 1391 852 1433 Atheniensem
902 1391 1004 1432 belli
1049 1392 1233 1446 peritum
1285 1395 1326 1433 et
1377 1392 1430 1433 ob

86 1450 260 1492 exilium
288 1451 490 1492 infestum
513 1451 755 1493 Alexandro
784 1477 837 1480 -—
867 1451 1025 1506 quippe
1051 1451 1233 1493 Athenis
1259 1451 1432 1494 iubente

85 1525 132 1552 eo
178 1510 319 1551 fuerat
363 1511 564 1564 expulsus
598 1536 672 1565 -7
711 1511 954 1565 percontari
994 1511 1151 1565 coepit,
1193 1511 1349 1552 satisne
1395 1511 1430 1552 ei

85 1570 299 1611 videretur
337 1570 569 1612 instructus
611 1571 662 1611 ad
702 1570 977 1612 obterendum
1018 1570 1197 1612 hostem.
1267 1570 1326 1612 At
1360 1570 1431 1612 ille
1461 1583 1500 1613 11

31 1646 60 1671 «ι’
85 1631 126 1670 et
177 1644 275 1670 suae
314 1630 440 1671 sortis
486 1633 526 1671 et
563 1631 704 1685 regiae
743 1629 964 1684 superbiae
1010 1629 1188 1672 oblitus:
1228 1629 1432 1683 eVerum’,

85 1689 241 1743 inquit,
281 1689 338 1730 ‘et
376 1692 423 1730 tu
455 1690 637 1731 forsitan
669 1690 814 1731 audire
846 1689 957 1731 nolis
997 1692 1038 1730 et
1071 1704 1149 1745 ego
1158 1723 1169 1744 7
1205 1690 1289 1731 nisi
1320 1704 1433 1731 nunc

182 1835 199 1864 1
235 1831 371 1876 cetrae]
402 1832 548 1865 cetu-ae
584 1835 688 1865 LPV
788 1835 807 1864 3
843 1831 1095 1884 quadraginta
1129 1832 1254 1865 melia
1290 1831 1431 1866 Lazcer:

87 1879 210 1913 milia
238 1889 305 1913 om.
326 1881 363 1912 A.
469 1883 489 1912 4
517 1879 751 1923 egregiorum
777 1880 972 1923 equitum
996 1880 1141 1924 setipsz‘.
1175 1879 1366 1933 egregium
1393 1882 1431 1912 A.

86 1930 104 1959 6
132 1925 234 1960 mille
260 1925 426 1970 Tapuris.
474 1926 648 1960 Derbices
676 1927 844 1961 Fosszus:
880 1926 1087 1960 militatura
1120 1927 1219 1961 idem
1252 1926 1367 1961 uicies
1394 1930 1432 1959 A.

87 1978 103 2006 7
132 1973 383 2018 quadraginta
404 1974 543 2008 Iauer:
572 1975 811 2019 quadragena
837 1978 875 2008 A.
951 1976 1186 2008 armaverant
1209 1975 1432 2009 Glareanus:

85 2021 218 2055 armati
245 2022 350 2055 erant
370 2025 408 2055 A.
484 2033 567 2056 aere
589 2023 653 2055 aut
674 2023 721 2057 D.
752 2023 914 2057 Vossius:
941 2021 1123 2056 herebant
1142 2025 1180 2055 A.
1257 2026 1276 2055 S
1304 2022 1434 2057 hastae

92 2068 323 2103 Vindelinus:
357 2070 460 2103 astae
486 2073 524 2102 A.
638 2074 680 2103 10
707 2069 886 2104 comitata
912 2070 1052 2104 Lazcer:
1081 2069 1298 2104 commitata
1323 2073 1361 2102 A.

86 2115 230 2149 milium
257 2120 295 2149 C:
335 2116 440 2150 milia
465 2120 499 2150 P.
625 2121 665 2150 11
694 2117 739 2151 iis
765 2121 807 2151 P:
841 2117 912 2150 hiis
941 2121 972 2150 G.
1097 2122 1138 2151 15
1167 2117 1372 2162 Sogdianos
1399 2121 1431 2150 1:

86 2163 308 2208 sogdissanas
343 2167 384 2205 P,
422 2164 615 2199 socdianos
651 2169 689 2199 D.
843 2168 884 2198 16
925 2164 1042 2199 Persis
1077 2166 1248 2209 Eussner:
1285 2165 1359 2209 ipsi
1394 2168 1432 2198 A.

87 2214 128 2244 17
155 2210 248 2256 Nec]
274 2222 320 2245 ne
345 2214 384 2244 V.
510 2216 551 2245 19
578 2212 809 2258 purpuratis]
841 2213 1066 2256 purpuratus
1092 2216 1127 2245 1..
1251 2216 1293 2246 21
1322 2212 1434 2247 Athe—

85 2258 266 2304 niensem]
294 2258 575 2293 adtheniensem
595 2263 666 2293 Pv.
743 2264 785 2293 22
812 2259 984 2305 Athenis]
1006 2259 1178 2294 adthenis
1199 2263 1234 2293 P.
1311 2263 1353 2293 23
1375 2271 1435 2294 ex-

85 2305 228 2351 pulsus]
255 2305 401 2350 spulsus
423 2310 457 2339 P.
567 2310 610 2341 25
638 2307 762 2353 sortis]
788 2307 895 2342 fortis
915 2311 940 2339 P
962 2319 1003 2341 m.
1019 2319 1078 2352 pr.
1105 2311 1144 2341 V.
1253 2310 1296 2340 26
1323 2307 1434 2353 nolis]

85 2352 192 2387 nobis
216 2356 241 2386 P
267 2365 311 2387 m.
326 2365 385 2398 pr.
