1610 2522
83 335 124 365 15

82 513 125 544 16

84 750 123 781 17

84 988 124 1018 18

85 1167 125 1196 19

151 95 236 135 352
656 94 696 136 Q.
725 94 868 129 CURTI
896 94 1007 128 RUF1

150 205 275 245 metis
316 203 612 257 frequentibus
651 204 859 244 consitam
895 206 936 244 et
971 204 1011 243 in
1045 202 1183 243 medio
1217 203 1303 244 fere
1336 216 1506 242 nemore

152 264 392 304 columnam
421 263 616 315 eminere,
643 262 819 317 Erythri
848 262 961 317 regis
988 265 1325 315 monumentum,
1351 261 1508 302 litteris

153 323 291 378 gentis
331 323 420 363 eius
461 322 674 376 scriptam.
738 321 994 363 Adiciebant
1025 321 1215 376 navigia,
1261 335 1367 375 qnae
1401 319 1509 360 lixas

152 385 494 435 mercatoresque
529 381 754 434 vexissent‚
794 381 951 422 famam
985 381 1074 421 auri
1111 381 1268 421 secutis
1302 379 1508 434 guberna-

152 442 318 482 toribus
360 441 401 482 in
443 441 624 481 insulam
666 455 756 482 esse
795 441 1045 482 transmissa
1078 454 1154 480 nec
1188 439 1338 480 deinde
1371 439 1421 479 ab
1458 438 1508 478 iis
1549 454 1563 479 5

151 504 301 555 postea
333 501 432 541 visa.
486 500 577 541 Rex
611 499 891 555 cognoscendi
927 500 1049 554 plura
1082 499 1280 553 cupidine
1310 512 1508 539 accensus

152 576 298 601 rursus
331 575 402 601 eos
435 563 590 600 terram
624 559 763 615 legere
798 559 928 612 iubet,
961 559 1093 601 donec
1126 558 1177 598 ad
1207 557 1439 611 Euphratis
1468 570 1511 599 os

151 620 413 674 adpellerent
447 619 642 660 classem:
676 619 772 660 inde
806 619 981 659 adverso
1016 633 1138 659 amne
1166 617 1388 671 Babylona
1415 616 1510 657 sub-

152 681 299 720 ituros.

242 738 338 793 Ipse
379 738 520 778 animo
564 737 731 778 infinita
772 737 1004 791 conplexus
1047 739 1255 778 statuerat
1298 735 1411 776 omni
1458 735 1510 776 ad
1531 739 1554 773 3

154 799 357 839 orientem
397 798 611 838 maritima
652 797 824 849 reoione
858 796 1097 851 perdomita
1129 811 1179 835 ex
1212 794 1334 849 Syria
1366 797 1510 849 petere
1532 813 1564 837 11

154 858 271 899 Afric
275 873 360 910 ί1111,
395 856 643 912 Carthagini
677 833 886 909 infensus,
930 856 1026 897 inde
1058 854 1286 896 Numidiae
1319 853 1512 896 solitudi-

154 917 281 957 nibus
316 892 579 971 peragratisO
585 930 755 957 cursum
790 915 916 956 Gadis
952 915 1133 969 dirigere
1161 940 1214 943 -—
1244 914 1299 954 ibi
1329 927 1510 967 namque

154 978 373 1018 columnas
400 975 596 1016 Herculis
630 990 719 1016 esse
753 975 864 1016 fama
898 975 1147 1030 vulgaverat
1181 999 1248 1026 —-,
1281 972 1510 1027 Hispanias

153 1036 319 1089 deinde,
360 1050 464 1089 quas
500 1034 719 1076 Hiberiam
755 1033 898 1075 Graeci
933 1050 955 1075 a
988 1034 1162 1074 flumine
1195 1032 1356 1074 Hibero
1390 1046 1511 1073 voca·
1533 1049 1564 1074 15

152 1096 267 1138 bant.
301 1094 414 1136 adire
448 1098 489 1135 et
522 1094 788 1148 praetervehi
814 1094 945 1148 Alpes
975 1093 1207 1146 Italiaeque
1241 1107 1370 1145 oram,
1402 1091 1511 1132 unde

153 1155 197 1196 in
243 1155 423 1209 Epirum
468 1155 609 1195 brevis
656 1168 802 1195 cursus
847 1157 920 1194 est.
996 1152 1133 1208 Igitur
1178 1151 1510 1205 Mesopotamiae

154 1215 421 1269 praetoribus
467 1214 693 1268 imperavit
734 1212 816 1269 [ut]
863 1213 1039 1253 materia
1082 1212 1127 1252 in
1159 1211 1322 1252 Libano
1367 1213 1511 1251 monte

153 1288 273 1315 caesa
316 1274 573 1327 devectaque
606 1273 657 1313 ad
690 1273 837 1313 urbem
873 1271 1019 1327 Syriae
1051 1271 1319 1325 Thapsacum
1354 1270 1510 1323 septin—

153 1337 377 1388 gentarum
393 1334 556 1374 carinas
572 1332 743 1372 navium
759 1346 932 1385 ponere:
954 1330 1244 1385 septemremis
1260 1344 1406 1370 omnes
1421 1343 1510 1370 esse
1532 1346 1565 1371 20

154 1393 387 1446 deducique
432 1392 666 1446 Babylona.
732 1391 987 1445 Cypriorum
1035 1390 1206 1444 regibus
1247 1390 1511 1443 imperatum,

154 1456 200 1493 ut
233 1467 301 1493 aes
335 1455 621 1506 stuppamque
655 1455 696 1492 et
731 1451 820 1491 vela
852 1450 1112 1504 praeberent.

244 1511 359 1552 Haec
394 1512 535 1563 apenti
565 1510 665 1551 Pori
698 1513 738 1551 et
765 1510 925 1551 Taxilis
959 1524 1106 1565 regum
1140 1508 1307 1549 litterae
1340 1506 1510 1547 tr-adun

151 1574 232 1625 tur
267 1571 472 1611 Abisaren
502 1570 666 1622 morbo,
699 1569 961 1624 Philippum
995 1568 1257 1622 praefectum
1284 1567 1430 1620 ipsius,
1461 1581 1511 1607 ex

250 1669 266 1698 1
295 1644 552 1707 frequentibus
579 1667 611 1696 1:
640 1662 882 1696 frementibus
910 1666 948 1695 A.
1049 1665 1068 1695 2
1099 1660 1247 1705 Erythri
1276 1660 1413 1694 A:ldus
1441 1659 1511 1694 eri-

152 1711 226 1745 thri
253 1716 286 1754 C
314 1711 435 1755 erythi
461 1715 496 1744 P.
572 1712 852 1744 monumentum
880 1713 917 1743 G:
945 1709 1213 1743 monimentum
1239 1711 1275 1741 Ρ.
1359 1706 1510 1752 litteris]

119 1785 125 1790 .
152 1759 289 1793 littoris
316 1763 352 1792 F.
465 1762 484 1792 ἴ)
511 1758 729 1792 transmissa
757 1759 897 1792 Laeter:
930 1756 1187 1791 transmissam
1214 1758 1252 1788 A.
1370 1758 1389 1788 6
1416 1754 1510 1800 visa]

152 1806 272 1841 uisam
300 1810 332 1840 C.
433 1809 449 1838 ’ἵ
479 1805 679 1849 Euphratis
707 1817 751 1839 os
778 1805 986 1840 Acidalius:
1022 1803 1212 1847 euphratis
1241 1806 1273 1845 C,
1300 1801 1453 1836 eufratis
1475 1806 1509 1834 P.

154 1882 173 1911 8
201 1878 370 1923 adverso]
399 1877 557 1910 aduersu
585 1880 610 1908 P
633 1888 675 1910 m
692 1888 763 1919 pr„
791 1860 946 1910 aduersi³
974 1879 1010 1917 L
1037 1875 1098 1909 sed
1124 1885 1144 1908 o
1170 1885 1284 1917 supra
1313 1884 1395 1907 rsm.
1423 1872 1508 1906 add.

152 1937 197 1960 m.
219 1936 282 1960 sve.
375 1923 584 1969 Babylona]
612 1903 787 1957 babi101ia
814 1926 1091 1956 FLPV.10
1118 1921 1279 1967 infinita]
1312 1919 1457 1954 infinito
1485 1923 1510 1952 P

153 1985 198 2007 m.
215 1985 273 2017 pr.
351 1976 390 2006 11
421 1983 464 2005 ex
491 1971 597 2015 Syria
622 1971 764 2016 petere]
791 1970 882 2004 exiri
909 1970 1085 2014 adpetere
1111 1973 1148 2011 P
1175 1980 1217 2002 ex
1243 1970 1462 2012 §rapeterae
1485 1970 1509 2000 1.

155 2033 196 2053 m.
219 2032 278 2064 pr.
380 2023 420 2053 12
449 2018 681 2063 Carthagini]
709 2018 919 2062 chartagini
941 2022 973 2050 C.
1059 2020 1101 2050 16
1128 2015 1377 2060 praetervehi]
1405 2025 1508 2058 prae—

153 2067 271 2101 teruei
292 2071 327 2100 P.
425 2066 646 2111 Italiaeque]
674 2065 861 2108 atalieque
882 2069 919 2105 P
946 2064 1125 2108 ital*ique
1147 2067 1181 2097 L.
1284 2066 1325 2096 18
1347 2062 1420 2108 [ut]
1442 2062 1508 2095 del.

155 2116 368 2149 Frobzmns
445 2114 600 2158 Libano]
623 2113 753 2147 libatio
775 2114 962 2145 Fv.19
984 2111 1129 2156 eriae]
1151 2111 1262 2144 siriae
1282 2113 1317 2143 P.
1387 2109 1509 2153 Thap-

154 2174 280 2196 sacum
302 2162 623 2214 septingentarum
639 2161 848 2204 Zumptezos:
871 2160 923 2193 th
915 2170 1028 2203 agipsa
1019 2170 1075 2192 ras
1090 2158 1152 2192 et
1144 2170 1204 2194 1111.
1198 2159 1455 2200 rentarumque
1469 2160 1508 2189 A.

155 2214 198 2243 20
226 2209 480 2253 septemremis
513 2220 657 2252 ςενιρειε
691 2220 742 2241 vn
768 2207 877 2241 remis
906 2210 943 2240 A.
1044 2210 1085 2239 21
1119 2205 1308 2248 Babylona
1339 2205 1508 2238 nostrus:

154 2257 331 2291 babilona
350 2261 376 2290 P
395 2269 438 2291 m.
458 2268 527 2300 pr„
549 2255 789 2299 babyloniam
810 2259 843 2288 C.
943 2258 986 2287 22
1013 2257 1262 2297 stuppamque
1283 2256 1316 2285 1:
1345 2254 1510 2295 stupam-

154 2316 224 2349 que
252 2307 290 2337 A.
390 2307 433 2337 23
460 2304 543 2338 Pori
570 2307 602 2336 1:
630 2303 738 2347 phori
759 2306 796 2335 A.
890 2300 1045 2346 Taxilis]
1067 2300 1207 2335 taxillis
1229 2303 1265 2333 F.
1353 2303 1397 2333 24
1425 2298 1508 2332 Phi-

154 2351 316 2397 lippum]
343 2351 566 2395 phylippum
589 2354 695 2384 BFV.
