1610 2522
145 99 229 140 304
648 98 688 140 Q.
717 99 860 134 CURTI
888 98 999 133 RUFI

72 218 116 249 20
142 208 259 261 Ergo
299 210 442 262 spreto
481 208 594 263 regis
627 208 807 263 imperio
842 233 897 237 —
931 208 1043 263 quod
1076 208 1162 249 sere
1195 209 1261 258 fit,
1307 208 1380 249 ubi
1411 211 1497 250 tur-

143 267 255 308 batis
293 269 433 308 acrius
473 271 610 309 metus
650 282 777 321 quam
817 267 901 308 dux
935 268 1143 322 imperare
1175 268 1316 322 coepit
1348 293 1405 297 —
1438 271 1498 309 to-

72 337 114 368 21
143 327 275 367 tidem
309 330 429 368 erant
461 327 757 380 imperatores,
799 330 904 380 quot
936 328 1106 382 agmina
1139 327 1352 368 errabant:
1391 327 1498 368 alius

144 387 319 441 iungere
353 388 497 437 aciem,
530 386 638 427 alius
667 386 867 439 dividere,
900 390 1010 428 stare
1038 386 1209 440 quidam
1237 390 1278 427 et
1304 387 1499 428 nonnulli

144 445 403 487 circumvehi
441 448 561 499 terga
599 446 788 486 hostium
828 445 1049 499 iubebant,
1094 446 1203 487 nihil
1236 446 1279 487 in
1311 445 1497 487 medium
1538 463 1552 489 5

73 515 116 545 22
145 504 457 548 consulebatur.
522 505 656 546 Porus
689 508 832 546 tamen
864 520 959 546 cum
992 506 1156 560 paucis,
1199 505 1352 559 quibus
1384 508 1500 546 metu

145 565 287 618 potior
323 564 461 605 fuerat
497 564 650 618 pudor,
692 565 892 620 colligere
927 565 1156 618 dispersos,
1203 565 1353 607 obvius
1386 564 1499 606 hosti

145 624 205 665 irc
237 624 379 678 pergit
411 624 745 678 elephantosque
773 627 870 666 ante
896 639 1047 679 agmen
1075 639 1248 665 suorum
1276 625 1345 679 agi
1371 623 1499 665 iubet.

74 694 117 724 23
145 683 350 738 Magnum
383 683 531 724 beluae
564 683 744 726 iniecere
776 686 993 737 terrorem,
1029 684 1311 737 insolitusque
1345 683 1501 725 stridor

145 757 231 784 non
264 757 395 797 equos
428 743 573 796 modo,
609 747 695 784 tam
730 743 928 797 pavidum
963 743 1014 783 ad
1048 744 1191 784 omnia
1221 743 1396 797 animal,
1429 743 1501 784 sed
1522 760 1556 786 ιο

76 813 118 842 24
146 803 258 843 viros
287 817 456 856 quoque
484 803 737 856 ordinesque
763 803 1019 843 turbaverat.
1063 801 1150 843 Iam
1179 803 1304 858 fugae
1325 803 1501 844 circum-

146 862 383 916 spiciebant
420 863 563 904 locum
603 863 728 916 paulo
762 865 859 903 ante
893 864 1093 914 victores,
1133 876 1226 903 cum
1262 862 1502 903 Alexander

146 921 359 976 Agrianos
393 924 435 962 et
455 921 640 962 Thracas
672 922 821 962 leviter
853 925 1049 975 armatos,
1082 921 1301 963 meliorem
1329 935 1502 963 concur-

77 991 119 1021 25
147 982 310 1022 satione
343 995 471 1035 quam
505 982 742 1022 comminus
769 981 961 1033 militem,
994 981 1136 1022 emisit
1160 981 1204 1021 in
1230 981 1387 1022 beluas.
1437 979 1502 1021 In-

148 1044 317 1096 gentem
350 1040 395 1081 hi
425 1042 510 1081 vim
538 1040 721 1082 telorum
748 1040 929 1082 iniecere
957 1043 998 1081 et
1025 1041 1262 1094 elephantis
1289 1043 1331 1081 et
1355 1054 1503 1096 regen·
1524 1056 1556 1082 15

147 1101 261 1141 tibus
301 1114 383 1141 eos.
448 1099 639 1141 Phalanx
678 1114 847 1154 quoque
880 1100 1036 1140 instare
1069 1103 1314 1141 constanter
1345 1099 1503 1140 territis

77 1169 120 1200 26
149 1161 301 1213 coepit.
360 1158 442 1200 Sed
475 1160 647 1213 quidam
682 1159 844 1200 avidius
878 1160 1089 1213 persecuti
1122 1159 1268 1200 beluas
1302 1160 1345 1199 in
1371 1162 1504 1200 semet

149 1220 376 1260 inritavere
409 1219 667 1261 vulneribus.
732 1217 889 1260 Obtriti
923 1233 1024 1272 ergo
1056 1219 1236 1273 pedibus
1270 1233 1411 1259 carum
1442 1231 1504 1259 ce-

79 1289 120 1319 27
147 1278 269 1332 teris,
310 1281 358 1319 ut
390 1279 558 1331 parcius
592 1279 817 1331 instarent,
858 1278 974 1319 fuere
1008 1278 1319 1319 documentum.
1383 1277 1505 1318 Prae-

150 1339 273 1392 cipue
304 1338 507 1379 terribilis
540 1339 613 1379 illa
645 1338 773 1380 facies
806 1341 907 1390 erat,
939 1352 1034 1378 cum
1068 1352 1195 1378 manu
1229 1352 1344 1378 arma
1375 1337 1505 1378 viros·
1526 1353 1560 1379 20

151 1412 231 1451 que
283 1398 546 1452 corriperent
609 1401 650 1438 et
707 1412 834 1451 super
890 1411 934 1437 se
984 1397 1229 1452 regentibus
1279 1396 1504 1437 traderent.

79 1468 122 1497 225
150 1457 319 1511 Anceps
353 1472 454 1512 ergo
488 1471 633 1511 pugna
658 1471 770 1498 nunc
797 1457 1077 1510 sequentium,
1109 1471 1223 1498 nunc
1249 1455 1506 1511 fugientium

151 1516 399 1570 elephantos
439 1517 483 1557 in
524 1518 706 1557 multum
747 1516 831 1556 diei
869 1517 1034 1557 varium
1067 1519 1280 1557 certamen
1312 1515 1507 1568 extraxit,

151 1576 284 1617 donec
317 1576 533 1617 securibus
565 1600 624 1605 —-
654 1576 698 1616 id
728 1590 913 1629 namque
945 1590 1078 1631 genus
1112 1574 1259 1616 auxilii
1286 1589 1507 1629 praepara-

81 1646 123 1676 29
151 1638 242 1676 tum
282 1639 370 1676 erat
402 1660 459 1664 —-
491 1635 618 1690 pedes
660 1638 879 1689 amputare
919 1638 1160 1689 coeperunt.
1224 1633 1406 1688 Copidas
1438 1648 1507 1675 vo·
1528 1650 1561 1676 25

153 1695 303 1735 cabant
336 1694 502 1749 gladios
535 1695 685 1735 leviter
716 1698 929 1748 curvatos,
974 1694 1153 1735 falcibus
1193 1694 1369 1745 similes,
1412 1693 1507 1748 quis

152 1754 408 1808 adpetebant
447 1754 667 1795 beluarum
708 1768 868 1795 manus.
932 1752 1023 1795 Nec
1055 1754 1283 1807 quicquain
1318 1753 1507 1807 inexper-

151 1816 243 1854 tum
281 1828 366 1854 nou
402 1814 551 1855 mortis
587 1814 730 1866 modo,
775 1814 847 1855 sed
879 1814 1006 1854 etiam
1040 1813 1081 1853 iu
1115 1813 1210 1867 ipsa
1241 1815 1376 1853 morte
1407 1813 1508 1853 novi

83 1885 125 1916 30
153 1873 353 1927 supplicii
391 1873 521 1914 timor
563 1873 795 1914 omittebat.
861 1872 978 1927 Ergo
1011 1872 1226 1926 elephanti
1260 1871 1508 1912 vulneribus
1529 1874 1580 1909 50

250 2030 269 2058 3
297 2025 418 2070 erant]
446 2025 539 2059 erati
565 2028 590 2057 P
613 2037 654 2058 m.
671 2037 729 2069 pr.
852 2024 959 2071 quot]
986 2024 1084 2068 quod
1112 2028 1136 2057 P
1158 2035 1199 2058 m.
1217 2035 1275 2068 pr.
1393 2027 1413 2056 5
1441 2023 1509 2057 cir-

154 2073 339 2118 cumvehi]
375 2072 515 2106 ciruehi
547 2076 572 2105 L
594 2084 626 2106 m
655 2084 711 2116 pr.
868 2076 884 2105 7
918 2072 1056 2117 potior]
1089 2071 1216 2115 pocior
1242 2075 1286 2114 V,
1323 2070 1448 2115 patior
1473 2074 1508 2104 L.

156 2125 195 2154 11
221 2120 589 2165 circumspiciebant]
611 2119 936 2164 circumspiciebat
953 2123 978 2152 F
992 2131 1036 2153 m.
1052 2130 1105 2162 pr.
1128 2123 1207 2152 Lm.
1222 2130 1268 2163 pr
1332 2121 1373 2152 13
1395 2117 1507 2152 Thra-

155 2179 215 2201 cas
242 2172 273 2202 1:
310 2167 487 2202 thrachas
520 2170 632 2208 BLV,
665 2168 814 2201 ἐι-301138
841 2171 914 2200 FP.
1038 2166 1227 2200 meliorem
1257 2166 1397 2200 Lauer:
1434 2177 1509 2198 mc-

154 2214 245 2248 lioi‘e
260 2218 299 2249 A.
377 2220 418 2249 15
435 2214 661 2260 elephantis]
677 2214 849 2259 eph-antis
864 2218 899 2248 P.
979 2219 1019 2248 16
1036 2214 1190 2259 instare]
1204 2215 1301 2247 stare
1316 2217 1378 2246 Pv
1392 2225 1427 2247 m
1446 2223 1506 2257 pr.

155 2266 198 2295 ‘20
222 2262 351 2308 facies]
374 2263 483 2297 faties
498 2266 534 2296 L.
611 2266 651 2296 21
675 2262 906 2307 regentibus]
928 2261 1102 2305 gentibus
1123 2265 1196 2296 Pm
1219 2273 1275 2305 pr.
1353 2263 1395 2293 23
1417 2260 1509 2304 dieil

156 2309 213 2343 dei
241 2313 266 2342 B
289 2322 330 2343 m.
349 2322 406 2354 pr.
507 2314 551 2343 24
578 2310 784 2355 securibus]
812 2309 930 2343 securi
954 2313 980 2342 F
1002 2321 1044 2342 m.
1064 2321 1119 2353 pr.
1221 2312 1264 2342 25
1292 2307 1509 2352 coeperunt]

156 2360 332 2401 ceperunt
358 2361 393 2390 L.
