<?xml version="1.0" encoding="UTF-8"?>
<!DOCTYPE html PUBLIC "-//W3C//DTD XHTML 1.0 Transitional//EN"
    "http://www.w3.org/TR/xhtml1/DTD/xhtml1-transitional.dtd">
<html xmlns="http://www.w3.org/1999/xhtml" xml:lang="en" lang="en">
 <head>
  <title>
</title>
<meta http-equiv="Content-Type" content="text/html;charset=utf-8" />
  <meta name='ocr-system' content='tesseract 3.04.00' />
  <meta name='ocr-capabilities' content='ocr_page ocr_carea ocr_par ocr_line ocrx_word'/>
</head>
<body>
  <div class='ocr_page' id='page_1' title='image "./historiaealexand00curtuoft_0035.png"; bbox 0 0 1610 2522; ppageno 0'>
   <div class='ocr_carea' id='block_1_1' title="bbox 43 176 89 211">
    <p class='ocr_par' dir='ltr' id='par_1_1' title="bbox 43 176 89 211">
     <span class='ocr_line' id='line_1_1' title="bbox 43 176 89 211; baseline 0.022 -1"><span class='ocrx_word' id='word_1_1' title='bbox 43 176 89 211; x_wconf 81' lang='grc'><strong>19</strong></span> 
     </span>
    </p>
   </div>
   <div class='ocr_carea' id='block_1_2' title="bbox 75 427 89 451">
    <p class='ocr_par' dir='ltr' id='par_1_2' title="bbox 75 427 89 451">
     <span class='ocr_line' id='line_1_2' title="bbox 75 427 89 451; baseline 0 0"><span class='ocrx_word' id='word_1_2' title='bbox 75 427 89 451; x_wconf 88' lang='grc'>5</span> 
     </span>
    </p>
   </div>
   <div class='ocr_carea' id='block_1_3' title="bbox 55 725 88 749">
    <p class='ocr_par' dir='ltr' id='par_1_3' title="bbox 55 725 88 749">
     <span class='ocr_line' id='line_1_3' title="bbox 55 725 88 749; baseline 0.03 -1"><span class='ocrx_word' id='word_1_3' title='bbox 55 725 88 749; x_wconf 91' lang='grc'>10</span> 
     </span>
    </p>
   </div>
   <div class='ocr_carea' id='block_1_4' title="bbox 54 1022 85 1045">
    <p class='ocr_par' dir='ltr' id='par_1_4' title="bbox 54 1022 85 1045">
     <span class='ocr_line' id='line_1_4' title="bbox 54 1022 85 1045; baseline 0 0"><span class='ocrx_word' id='word_1_4' title='bbox 54 1022 85 1045; x_wconf 83' lang='lat'>15</span> 
     </span>
    </p>
   </div>
   <div class='ocr_carea' id='block_1_5' title="bbox 106 61 1562 1296">
    <p class='ocr_par' dir='ltr' id='par_1_5' title="bbox 203 61 1562 226">
     <span class='ocr_line' id='line_1_5' title="bbox 368 61 1449 102; baseline 0 -7"><span class='ocrx_word' id='word_1_5' title='bbox 368 61 692 95; x_wconf 68' lang='lat' dir='ltr'>IIISTORIARUM</span> <span class='ocrx_word' id='word_1_6' title='bbox 727 61 1001 95; x_wconf 65' lang='lat' dir='ltr'>ALEXANDRJ</span> <span class='ocrx_word' id='word_1_7' title='bbox 1036 62 1090 102; x_wconf 78' lang='grc' dir='ltr'>ΙΙΙ,</span> <span class='ocrx_word' id='word_1_8' title='bbox 1119 65 1147 94; x_wconf 81' lang='grc'>7.</span> <span class='ocrx_word' id='word_1_9' title='bbox 1171 66 1200 95; x_wconf 79' lang='grc'>8.</span> <span class='ocrx_word' id='word_1_10' title='bbox 1400 62 1449 102; x_wconf 67' lang='grc'>21</span> 
     </span>
     <span class='ocr_line' id='line_1_6' title="bbox 203 170 1562 226; baseline -0.003 -14"><span class='ocrx_word' id='word_1_11' title='bbox 203 171 372 226; x_wconf 82' lang='lat' dir='ltr'>lamque</span> <span class='ocrx_word' id='word_1_12' title='bbox 401 170 546 212; x_wconf 79' lang='lat' dir='ltr'>Graeci</span> <span class='ocrx_word' id='word_1_13' title='bbox 581 171 749 224; x_wconf 88' lang='lat' dir='ltr'>milites,</span> <span class='ocrx_word' id='word_1_14' title='bbox 782 185 888 224; x_wconf 87' lang='lat' dir='ltr'>quos</span> <span class='ocrx_word' id='word_1_15' title='bbox 915 170 1188 224; x_wconf 81' lang='lat' dir='ltr'>Thymondas</span> <span class='ocrx_word' id='word_1_16' title='bbox 1221 186 1244 210; x_wconf 80' lang='lat' dir='ltr'>a</span> <span class='ocrx_word' id='word_1_17' title='bbox 1272 170 1454 211; x_wconf 84' lang='lat' dir='ltr'>Pharna-</span> <span class='ocrx_word' id='word_1_18' title='bbox 1480 175 1562 208; x_wconf 82' lang='lat' dir='ltr'>VIII</span> 
     </span>
    </p>

    <p class='ocr_par' dir='ltr' id='par_1_6' title="bbox 106 230 1501 1296">
     <span class='ocr_line' id='line_1_7' title="bbox 111 230 1455 285; baseline -0.001 -14"><span class='ocrx_word' id='word_1_19' title='bbox 111 231 213 272; x_wconf 87' lang='lat' dir='ltr'>bazo</span> <span class='ocrx_word' id='word_1_20' title='bbox 248 233 476 284; x_wconf 68' lang='lat' dir='ltr'>acceperat,</span> <span class='ocrx_word' id='word_1_21' title='bbox 509 230 734 285; x_wconf 86' lang='lat' dir='ltr'>praecipua</span> <span class='ocrx_word' id='word_1_22' title='bbox 767 244 863 284; x_wconf 85' lang='lat' dir='ltr'>spes</span> <span class='ocrx_word' id='word_1_23' title='bbox 905 233 946 271; x_wconf 90' lang='lat' dir='ltr'>et</span> <span class='ocrx_word' id='word_1_24' title='bbox 978 230 1285 285; x_wconf 80' lang='lat' dir='ltr'>propemodum</span> <span class='ocrx_word' id='word_1_25' title='bbox 1320 231 1455 275; x_wconf 77' lang='lat' dir='ltr'>unica,</span> 
     </span>
     <span class='ocr_line' id='line_1_8' title="bbox 111 289 1501 344; baseline -0.001 -13"><span class='ocrx_word' id='word_1_26' title='bbox 111 291 162 331; x_wconf 90' lang='lat' dir='ltr'>ad</span> <span class='ocrx_word' id='word_1_27' title='bbox 189 290 373 331; x_wconf 80' lang='lat' dir='ltr'>Dareum</span> <span class='ocrx_word' id='word_1_28' title='bbox 406 293 694 344; x_wconf 74' lang='lat' dir='ltr'>pervenerant.</span> <span class='ocrx_word' id='word_1_29' title='bbox 758 289 813 330; x_wconf 92' lang='lat' dir='ltr'>Hi</span> <span class='ocrx_word' id='word_1_30' title='bbox 847 304 1102 344; x_wconf 77' lang='lat' dir='ltr'>magnopere</span> <span class='ocrx_word' id='word_1_31' title='bbox 1131 290 1377 342; x_wconf 74' lang='lat' dir='ltr'>suadebant,</span> <span class='ocrx_word' id='word_1_32' title='bbox 1410 293 1456 330; x_wconf 92' lang='lat' dir='ltr'>ut</span> <span class='ocrx_word' id='word_1_33' title='bbox 1483 302 1501 330; x_wconf 60' lang='grc' dir='ltr'>ι)</span> 
     </span>
     <span class='ocr_line' id='line_1_9' title="bbox 111 349 1455 403; baseline 0 -13"><span class='ocrx_word' id='word_1_34' title='bbox 111 353 223 391; x_wconf 90' lang='lat' dir='ltr'>retro</span> <span class='ocrx_word' id='word_1_35' title='bbox 263 350 398 391; x_wconf 83' lang='lat' dir='ltr'>abiret</span> <span class='ocrx_word' id='word_1_36' title='bbox 431 350 727 403; x_wconf 86' lang='lat' dir='ltr'>spatiososque</span> <span class='ocrx_word' id='word_1_37' title='bbox 765 349 1096 403; x_wconf 69' lang='lat' dir='ltr'>Mesopotamiae</span> <span class='ocrx_word' id='word_1_38' title='bbox 1136 364 1308 403; x_wconf 83' lang='lat' dir='ltr'>campos</span> <span class='ocrx_word' id='word_1_39' title='bbox 1340 364 1455 403; x_wconf 90' lang='lat' dir='ltr'>repe-</span> 
     </span>
     <span class='ocr_line' id='line_1_10' title="bbox 110 408 1453 462; baseline 0 -12"><span class='ocrx_word' id='word_1_40' title='bbox 110 412 234 451; x_wconf 90' lang='lat' dir='ltr'>teret:</span> <span class='ocrx_word' id='word_1_41' title='bbox 263 410 298 450; x_wconf 90' lang='lat' dir='ltr'>si</span> <span class='ocrx_word' id='word_1_42' title='bbox 326 409 367 449; x_wconf 89' lang='lat' dir='ltr'>id</span> <span class='ocrx_word' id='word_1_43' title='bbox 394 409 619 450; x_wconf 87' lang='lat' dir='ltr'>consilium</span> <span class='ocrx_word' id='word_1_44' title='bbox 649 410 879 462; x_wconf 84' lang='lat' dir='ltr'>damnaret,</span> <span class='ocrx_word' id='word_1_45' title='bbox 906 412 949 449; x_wconf 89' lang='lat' dir='ltr'>at</span> <span class='ocrx_word' id='word_1_46' title='bbox 976 408 1046 449; x_wconf 90' lang='lat' dir='ltr'>ille</span> <span class='ocrx_word' id='word_1_47' title='bbox 1073 409 1280 449; x_wconf 84' lang='lat' dir='ltr'>divideret</span> <span class='ocrx_word' id='word_1_48' title='bbox 1306 408 1453 450; x_wconf 89' lang='lat' dir='ltr'>saltem</span> 
     </span>
     <span class='ocr_line' id='line_1_11' title="bbox 109 468 1453 522; baseline 0 -13"><span class='ocrx_word' id='word_1_49' title='bbox 109 468 437 510; x_wconf 86' lang='lat' dir='ltr'>innumerabiles</span> <span class='ocrx_word' id='word_1_50' title='bbox 480 469 624 522; x_wconf 89' lang='lat' dir='ltr'>copias</span> <span class='ocrx_word' id='word_1_51' title='bbox 665 483 746 510; x_wconf 88' lang='lat' dir='ltr'>neu</span> <span class='ocrx_word' id='word_1_52' title='bbox 792 468 869 509; x_wconf 91' lang='lat' dir='ltr'>sub</span> <span class='ocrx_word' id='word_1_53' title='bbox 911 483 1041 509; x_wconf 88' lang='lat' dir='ltr'>unum</span> <span class='ocrx_word' id='word_1_54' title='bbox 1085 469 1280 509; x_wconf 88' lang='lat' dir='ltr'>fortunae</span> <span class='ocrx_word' id='word_1_55' title='bbox 1321 469 1453 509; x_wconf 81' lang='lat' dir='ltr'>ictum</span> 
     </span>
     <span class='ocr_line' id='line_1_12' title="bbox 110 527 1501 583; baseline -0.001 -14"><span class='ocrx_word' id='word_1_56' title='bbox 110 531 220 569; x_wconf 87' lang='lat' dir='ltr'>totas</span> <span class='ocrx_word' id='word_1_57' title='bbox 266 529 375 569; x_wconf 84' lang='lat' dir='ltr'>vires</span> <span class='ocrx_word' id='word_1_58' title='bbox 420 529 539 583; x_wconf 84' lang='lat' dir='ltr'>regni</span> <span class='ocrx_word' id='word_1_59' title='bbox 584 528 730 570; x_wconf 83' lang='lat' dir='ltr'>cadere</span> <span class='ocrx_word' id='word_1_60' title='bbox 769 531 997 582; x_wconf 85' lang='lat' dir='ltr'>pateretur.</span> <span class='ocrx_word' id='word_1_61' title='bbox 1065 527 1207 569; x_wconf 88' lang='lat' dir='ltr'>Minus</span> <span class='ocrx_word' id='word_1_62' title='bbox 1246 528 1327 569; x_wconf 87' lang='lat' dir='ltr'>hoc</span> <span class='ocrx_word' id='word_1_63' title='bbox 1365 527 1453 583; x_wconf 89' lang='lat' dir='ltr'>regi</span> <span class='ocrx_word' id='word_1_64' title='bbox 1482 538 1501 568; x_wconf 85' lang='lat'><strong>3</strong></span> 
     </span>
     <span class='ocr_line' id='line_1_13' title="bbox 109 587 1454 642; baseline 0 -14"><span class='ocrx_word' id='word_1_65' title='bbox 109 603 236 642; x_wconf 89' lang='lat' dir='ltr'>quam</span> <span class='ocrx_word' id='word_1_66' title='bbox 268 589 513 641; x_wconf 90' lang='lat' dir='ltr'>purpuratis</span> <span class='ocrx_word' id='word_1_67' title='bbox 552 588 642 628; x_wconf 89' lang='lat' dir='ltr'>eius</span> <span class='ocrx_word' id='word_1_68' title='bbox 674 587 944 641; x_wconf 76' lang='lat' dir='ltr'>displicebat:</span> <span class='ocrx_word' id='word_1_69' title='bbox 987 587 1215 641; x_wconf 74' lang='lat' dir='ltr'>ancipitem</span> <span class='ocrx_word' id='word_1_70' title='bbox 1248 587 1372 628; x_wconf 88' lang='lat' dir='ltr'>fidem</span> <span class='ocrx_word' id='word_1_71' title='bbox 1413 590 1454 628; x_wconf 88' lang='lat' dir='ltr'>et</span> 
     </span>
     <span class='ocr_line' id='line_1_14' title="bbox 110 646 1453 701; baseline 0 -13"><span class='ocrx_word' id='word_1_72' title='bbox 110 647 299 688; x_wconf 80' lang='lat' dir='ltr'>mercede</span> <span class='ocrx_word' id='word_1_73' title='bbox 326 647 514 688; x_wconf 76' lang='lat' dir='ltr'>venalem</span> <span class='ocrx_word' id='word_1_74' title='bbox 545 647 777 701; x_wconf 73' lang='lat' dir='ltr'>proditioni</span> <span class='ocrx_word' id='word_1_75' title='bbox 804 648 1024 688; x_wconf 86' lang='lat' dir='ltr'>imminere</span> <span class='ocrx_word' id='word_1_76' title='bbox 1057 650 1097 687; x_wconf 88' lang='lat' dir='ltr'>et</span> <span class='ocrx_word' id='word_1_77' title='bbox 1124 646 1255 688; x_wconf 77' lang='lat' dir='ltr'>dividi</span> <span class='ocrx_word' id='word_1_78' title='bbox 1282 661 1367 688; x_wconf 89' lang='lat' dir='ltr'>non</span> <span class='ocrx_word' id='word_1_79' title='bbox 1401 647 1453 688; x_wconf 91' lang='lat' dir='ltr'>ob</span> 
     </span>
     <span class='ocr_line' id='line_1_15' title="bbox 109 706 1454 761; baseline 0 -14"><span class='ocrx_word' id='word_1_80' title='bbox 109 706 223 747; x_wconf 91' lang='lat' dir='ltr'>aliud</span> <span class='ocrx_word' id='word_1_81' title='bbox 264 707 407 760; x_wconf 86' lang='lat' dir='ltr'>copias</span> <span class='ocrx_word' id='word_1_82' title='bbox 446 707 565 759; x_wconf 74' lang='lat' dir='ltr'>velle,</span> <span class='ocrx_word' id='word_1_83' title='bbox 606 722 733 760; x_wconf 87' lang='lat' dir='ltr'>quam</span> <span class='ocrx_word' id='word_1_84' title='bbox 773 709 821 747; x_wconf 89' lang='lat' dir='ltr'>ut</span> <span class='ocrx_word' id='word_1_85' title='bbox 861 707 943 761; x_wconf 89' lang='lat' dir='ltr'>ipsi</span> <span class='ocrx_word' id='word_1_86' title='bbox 982 708 1024 747; x_wconf 90' lang='lat' dir='ltr'>in</span> <span class='ocrx_word' id='word_1_87' title='bbox 1064 706 1228 748; x_wconf 87' lang='lat' dir='ltr'>diversa</span> <span class='ocrx_word' id='word_1_88' title='bbox 1262 706 1454 760; x_wconf 81' lang='lat' dir='ltr'>digressi,</span> 
     </span>
     <span class='ocr_line' id='line_1_16' title="bbox 107 766 1498 820; baseline 0.001 -15"><span class='ocrx_word' id='word_1_89' title='bbox 107 767 140 806; x_wconf 79' lang='lat' dir='ltr'>si</span> <span class='ocrx_word' id='word_1_90' title='bbox 180 766 280 820; x_wconf 86' lang='lat' dir='ltr'>quid</span> <span class='ocrx_word' id='word_1_91' title='bbox 314 766 585 807; x_wconf 86' lang='lat' dir='ltr'>commissum</span> <span class='ocrx_word' id='word_1_92' title='bbox 627 769 748 820; x_wconf 90' lang='lat' dir='ltr'>esset,</span> <span class='ocrx_word' id='word_1_93' title='bbox 792 766 1006 808; x_wconf 85' lang='lat' dir='ltr'>traderent</span> <span class='ocrx_word' id='word_1_94' title='bbox 1040 766 1301 808; x_wconf 81' lang='lat' dir='ltr'>Alexandro:</span> <span class='ocrx_word' id='word_1_95' title='bbox 1345 766 1453 806; x_wconf 83' lang='lat' dir='ltr'>nihil</span> <span class='ocrx_word' id='word_1_96' title='bbox 1479 777 1498 806; x_wconf 88' lang='grc'>4</span> 
     </span>
     <span class='ocr_line' id='line_1_17' title="bbox 107 825 1453 879; baseline -0.001 -13"><span class='ocrx_word' id='word_1_97' title='bbox 107 826 241 867; x_wconf 86' lang='lat' dir='ltr'>tutius</span> <span class='ocrx_word' id='word_1_98' title='bbox 274 826 365 867; x_wconf 87' lang='lat' dir='ltr'>fore</span> <span class='ocrx_word' id='word_1_99' title='bbox 398 840 524 879; x_wconf 85' lang='lat' dir='ltr'>quam</span> <span class='ocrx_word' id='word_1_100' title='bbox 558 826 843 867; x_wconf 84' lang='lat' dir='ltr'>circumdatos</span> <span class='ocrx_word' id='word_1_101' title='bbox 879 840 951 867; x_wconf 92' lang='lat' dir='ltr'>eos</span> <span class='ocrx_word' id='word_1_102' title='bbox 985 827 1171 866; x_wconf 83' lang='lat' dir='ltr'>exercitu</span> <span class='ocrx_word' id='word_1_103' title='bbox 1205 828 1297 866; x_wconf 93' lang='lat' dir='ltr'>toto</span> <span class='ocrx_word' id='word_1_104' title='bbox 1331 825 1453 867; x_wconf 85' lang='lat' dir='ltr'>obrui</span> 
     </span>
     <span class='ocr_line' id='line_1_18' title="bbox 107 884 1500 940; baseline 0 -15"><span class='ocrx_word' id='word_1_105' title='bbox 107 885 215 938; x_wconf 83' lang='lat' dir='ltr'>telis,</span> <span class='ocrx_word' id='word_1_106' title='bbox 257 885 557 926; x_wconf 79' lang='lat' dir='ltr'>documentum</span> <span class='ocrx_word' id='word_1_107' title='bbox 595 900 682 926; x_wconf 89' lang='lat' dir='ltr'>non</span> <span class='ocrx_word' id='word_1_108' title='bbox 721 885 880 927; x_wconf 88' lang='lat' dir='ltr'>inultae</span> <span class='ocrx_word' id='word_1_109' title='bbox 912 885 1115 940; x_wconf 87' lang='lat' dir='ltr'>perfidiae</span> <span class='ocrx_word' id='word_1_110' title='bbox 1154 886 1332 926; x_wconf 86' lang='lat' dir='ltr'>futuros.</span> <span class='ocrx_word' id='word_1_111' title='bbox 1396 884 1454 926; x_wconf 84' lang='lat' dir='ltr'>At</span> <span class='ocrx_word' id='word_1_112' title='bbox 1481 896 1500 925; x_wconf 85' lang='lat'>5</span> 
     </span>
     <span class='ocr_line' id='line_1_19' title="bbox 108 944 1453 998; baseline 0 -13"><span class='ocrx_word' id='word_1_113' title='bbox 108 944 281 998; x_wconf 86' lang='lat' dir='ltr'>Dareus,</span> <span class='ocrx_word' id='word_1_114' title='bbox 314 948 360 985; x_wconf 92' lang='lat' dir='ltr'>ut</span> <span class='ocrx_word' id='word_1_115' title='bbox 393 947 482 985; x_wconf 86' lang='lat' dir='ltr'>erat</span> <span class='ocrx_word' id='word_1_116' title='bbox 509 949 678 986; x_wconf 83' lang='lat' dir='ltr'>sanetus</span> <span class='ocrx_word' id='word_1_117' title='bbox 712 959 759 986; x_wconf 88' lang='lat' dir='ltr'>ac</span> <span class='ocrx_word' id='word_1_118' title='bbox 791 945 922 996; x_wconf 86' lang='lat' dir='ltr'>mitis,</span> <span class='ocrx_word' id='word_1_119' title='bbox 955 960 997 986; x_wconf 91' lang='lat' dir='ltr'>se</span> <span class='ocrx_word' id='word_1_120' title='bbox 1030 959 1129 987; x_wconf 80' lang='lat' dir='ltr'>vero</span> <span class='ocrx_word' id='word_1_121' title='bbox 1156 948 1322 986; x_wconf 88' lang='lat' dir='ltr'>tantum</span> <span class='ocrx_word' id='word_1_122' title='bbox 1355 944 1453 985; x_wconf 79' lang='lat' dir='ltr'>faei-</span> 
     </span>
     <span class='ocr_line' id='line_1_20' title="bbox 107 1004 1452 1060; baseline 0 -16"><span class='ocrx_word' id='word_1_123' title='bbox 107 1019 185 1045; x_wconf 92' lang='lat' dir='ltr'>nus</span> <span class='ocrx_word' id='word_1_124' title='bbox 218 1007 345 1060; x_wconf 87' lang='lat' dir='ltr'>negat</span> <span class='ocrx_word' id='word_1_125' title='bbox 378 1019 468 1045; x_wconf 87' lang='lat' dir='ltr'>esse</span> <span class='ocrx_word' id='word_1_126' title='bbox 500 1005 724 1059; x_wconf 84' lang='lat' dir='ltr'>facturum,</span> <span class='ocrx_word' id='word_1_127' title='bbox 756 1007 803 1045; x_wconf 93' lang='lat' dir='ltr'>ut</span> <span class='ocrx_word' id='word_1_128' title='bbox 835 1019 954 1045; x_wconf 86' lang='lat' dir='ltr'>suam</span> <span class='ocrx_word' id='word_1_129' title='bbox 982 1007 1149 1046; x_wconf 85' lang='lat' dir='ltr'>secutos</span> <span class='ocrx_word' id='word_1_130' title='bbox 1182 1004 1321 1049; x_wconf 85' lang='lat' dir='ltr'>fidem,</span> <span class='ocrx_word' id='word_1_131' title='bbox 1354 1019 1452 1045; x_wconf 86' lang='lat' dir='ltr'>suos</span> 
     </span>
     <span class='ocr_line' id='line_1_21' title="bbox 106 1063 1451 1118; baseline 0 -14"><span class='ocrx_word' id='word_1_132' title='bbox 106 1064 263 1104; x_wconf 87' lang='lat' dir='ltr'>milites</span> <span class='ocrx_word' id='word_1_133' title='bbox 291 1064 434 1105; x_wconf 84' lang='lat' dir='ltr'>iubeat</span> <span class='ocrx_word' id='word_1_134' title='bbox 454 1063 674 1105; x_wconf 86' lang='lat' dir='ltr'>trucidari:</span> <span class='ocrx_word' id='word_1_135' title='bbox 703 1079 826 1118; x_wconf 89' lang='lat' dir='ltr'>quem</span> <span class='ocrx_word' id='word_1_136' title='bbox 855 1064 1004 1105; x_wconf 88' lang='lat' dir='ltr'>deinde</span> <span class='ocrx_word' id='word_1_137' title='bbox 1026 1064 1208 1118; x_wconf 86' lang='lat' dir='ltr'>amplius</span> <span class='ocrx_word' id='word_1_138' title='bbox 1230 1064 1451 1104; x_wconf 85' lang='lat' dir='ltr'>nationum</span> 
     </span>
     <span class='ocr_line' id='line_1_22' title="bbox 106 1123 1455 1177; baseline 0 -13"><span class='ocrx_word' id='word_1_139' title='bbox 106 1126 343 1164; x_wconf 80' lang='lat' dir='ltr'>exterarum</span> <span class='ocrx_word' id='word_1_140' title='bbox 377 1124 556 1164; x_wconf 88' lang='lat' dir='ltr'>salutem</span> <span class='ocrx_word' id='word_1_141' title='bbox 592 1138 710 1164; x_wconf 89' lang='lat' dir='ltr'>suam</span> <span class='ocrx_word' id='word_1_142' title='bbox 744 1124 998 1164; x_wconf 84' lang='lat' dir='ltr'>crediturum</span> <span class='ocrx_word' id='word_1_143' title='bbox 1042 1123 1135 1177; x_wconf 91' lang='lat' dir='ltr'>sibi,</span> <span class='ocrx_word' id='word_1_144' title='bbox 1175 1124 1209 1164; x_wconf 88' lang='lat' dir='ltr'>si</span> <span class='ocrx_word' id='word_1_145' title='bbox 1247 1126 1312 1164; x_wconf 89' lang='lat' dir='ltr'>tot</span> <span class='ocrx_word' id='word_1_146' title='bbox 1346 1123 1455 1164; x_wconf 89' lang='lat' dir='ltr'>mili-</span> 
     </span>
     <span class='ocr_line' id='line_1_23' title="bbox 106 1183 1499 1237; baseline 0 -14"><span class='ocrx_word' id='word_1_147' title='bbox 106 1186 197 1223; x_wconf 91' lang='lat' dir='ltr'>tum</span> <span class='ocrx_word' id='word_1_148' title='bbox 237 1183 442 1237; x_wconf 81' lang='lat' dir='ltr'>sanguine</span> <span class='ocrx_word' id='word_1_149' title='bbox 489 1183 695 1224; x_wconf 85' lang='lat' dir='ltr'>inbuisset</span> <span class='ocrx_word' id='word_1_150' title='bbox 738 1184 916 1224; x_wconf 79' lang='lat' dir='ltr'>manus?</span> <span class='ocrx_word' id='word_1_151' title='bbox 984 1183 1210 1224; x_wconf 89' lang='lat' dir='ltr'>Neminem</span> <span class='ocrx_word' id='word_1_152' title='bbox 1250 1183 1451 1224; x_wconf 86' lang='lat' dir='ltr'>stolidum</span> <span class='ocrx_word' id='word_1_153' title='bbox 1480 1194 1499 1224; x_wconf 81' lang='lat'>6</span> 
     </span>
     <span class='ocr_line' id='line_1_24' title="bbox 107 1242 1451 1296; baseline 0 -14"><span class='ocrx_word' id='word_1_154' title='bbox 107 1242 330 1283; x_wconf 87' lang='lat' dir='ltr'>consilium</span> <span class='ocrx_word' id='word_1_155' title='bbox 375 1243 512 1296; x_wconf 88' lang='lat' dir='ltr'>capite</span> <span class='ocrx_word' id='word_1_156' title='bbox 553 1243 668 1283; x_wconf 86' lang='lat' dir='ltr'>luere</span> <span class='ocrx_word' id='word_1_157' title='bbox 712 1243 879 1284; x_wconf 88' lang='lat' dir='ltr'>debere:</span> <span class='ocrx_word' id='word_1_158' title='bbox 922 1243 1141 1283; x_wconf 83' lang='lat' dir='ltr'>defuturos</span> <span class='ocrx_word' id='word_1_159' title='bbox 1195 1243 1325 1295; x_wconf 89' lang='lat' dir='ltr'>enim,</span> <span class='ocrx_word' id='word_1_160' title='bbox 1381 1242 1451 1296; x_wconf 87' lang='lat' dir='ltr'>qui</span> 
     </span>
    </p>
   </div>
   <div class='ocr_carea' id='block_1_6' title="bbox 51 1302 1452 1356">
    <p class='ocr_par' dir='ltr' id='par_1_7' title="bbox 51 1302 1452 1356">
     <span class='ocr_line' id='line_1_25' title="bbox 51 1302 1452 1356; baseline 0 -14"><span class='ocrx_word' id='word_1_161' title='bbox 51 1319 65 1331; x_wconf 60' lang='grc' dir='ltr'>ἢ</span> <span class='ocrx_word' id='word_1_162' title='bbox 106 1302 341 1354; x_wconf 85' lang='lat' dir='ltr'>suaderent,</span> <span class='ocrx_word' id='word_1_163' title='bbox 369 1302 403 1343; x_wconf 91' lang='lat' dir='ltr'>si</span> <span class='ocrx_word' id='word_1_164' title='bbox 425 1302 607 1344; x_wconf 82' lang='lat' dir='ltr'>suasisse</span> <span class='ocrx_word' id='word_1_165' title='bbox 627 1302 914 1356; x_wconf 84' lang='lat' dir='ltr'>periculosum</span> <span class='ocrx_word' id='word_1_166' title='bbox 942 1305 1063 1343; x_wconf 89' lang='lat' dir='ltr'>esset.</span> <span class='ocrx_word' id='word_1_167' title='bbox 1121 1302 1314 1356; x_wconf 82' lang='lat' dir='ltr'>Denique</span> <span class='ocrx_word' id='word_1_168' title='bbox 1336 1303 1452 1356; x_wconf 89' lang='lat' dir='ltr'>ipsos</span> 
     </span>
    </p>
   </div>
   <div class='ocr_carea' id='block_1_7' title="bbox 102 1361 1498 1892">
    <p class='ocr_par' dir='ltr' id='par_1_8' title="bbox 102 1361 1498 1892">
     <span class='ocr_line' id='line_1_26' title="bbox 105 1361 1452 1415; baseline 0 -13"><span class='ocrx_word' id='word_1_169' title='bbox 105 1361 260 1402; x_wconf 74' lang='lat' dir='ltr'>cotidie</span> <span class='ocrx_word' id='word_1_170' title='bbox 287 1361 340 1401; x_wconf 89' lang='lat' dir='ltr'>ad</span> <span class='ocrx_word' id='word_1_171' title='bbox 366 1376 408 1402; x_wconf 86' lang='lat' dir='ltr'>se</span> <span class='ocrx_word' id='word_1_172' title='bbox 437 1361 633 1402; x_wconf 87' lang='lat' dir='ltr'>advocari</span> <span class='ocrx_word' id='word_1_173' title='bbox 660 1362 702 1402; x_wconf 88' lang='lat' dir='ltr'>in</span> <span class='ocrx_word' id='word_1_174' title='bbox 725 1362 950 1403; x_wconf 85' lang='lat' dir='ltr'>consilium</span> <span class='ocrx_word' id='word_1_175' title='bbox 972 1362 1194 1415; x_wconf 81' lang='lat' dir='ltr'>variasque</span> <span class='ocrx_word' id='word_1_176' title='bbox 1221 1363 1452 1402; x_wconf 86' lang='lat' dir='ltr'>sententias</span> 
     </span>
     <span class='ocr_line' id='line_1_27' title="bbox 104 1420 1451 1475; baseline 0.001 -15"><span class='ocrx_word' id='word_1_177' title='bbox 104 1420 253 1473; x_wconf 80' lang='lat' dir='ltr'>dicere,</span> <span class='ocrx_word' id='word_1_178' title='bbox 286 1435 362 1461; x_wconf 82' lang='lat' dir='ltr'>nee</span> <span class='ocrx_word' id='word_1_179' title='bbox 393 1423 535 1462; x_wconf 89' lang='lat' dir='ltr'>tamen</span> <span class='ocrx_word' id='word_1_180' title='bbox 563 1422 751 1462; x_wconf 88' lang='lat' dir='ltr'>melioris</span> <span class='ocrx_word' id='word_1_181' title='bbox 784 1421 883 1462; x_wconf 90' lang='lat' dir='ltr'>fidei</span> <span class='ocrx_word' id='word_1_182' title='bbox 908 1421 1068 1474; x_wconf 87' lang='lat' dir='ltr'>haberi,</span> <span class='ocrx_word' id='word_1_183' title='bbox 1102 1422 1173 1474; x_wconf 89' lang='lat' dir='ltr'>qui</span> <span class='ocrx_word' id='word_1_184' title='bbox 1201 1421 1451 1475; x_wconf 86' lang='lat' dir='ltr'>prudentius</span> 
     </span>
     <span class='ocr_line' id='line_1_28' title="bbox 105 1479 1498 1535; baseline 0.001 -16"><span class='ocrx_word' id='word_1_185' title='bbox 105 1481 295 1521; x_wconf 84' lang='lat' dir='ltr'>suaserit.</span> <span class='ocrx_word' id='word_1_186' title='bbox 357 1479 506 1534; x_wconf 86' lang='lat' dir='ltr'>Itaque</span> <span class='ocrx_word' id='word_1_187' title='bbox 534 1479 704 1522; x_wconf 76' lang='lat' dir='ltr'>Graecis</span> <span class='ocrx_word' id='word_1_188' title='bbox 730 1481 919 1522; x_wconf 86' lang='lat' dir='ltr'>nuntiari</span> <span class='ocrx_word' id='word_1_189' title='bbox 946 1480 1075 1535; x_wconf 89' lang='lat' dir='ltr'>iubet,</span> <span class='ocrx_word' id='word_1_190' title='bbox 1107 1480 1246 1535; x_wconf 88' lang='lat' dir='ltr'>ipsum</span> <span class='ocrx_word' id='word_1_191' title='bbox 1280 1480 1451 1535; x_wconf 84' lang='lat' dir='ltr'>quidem</span> <span class='ocrx_word' id='word_1_192' title='bbox 1481 1491 1498 1521; x_wconf 81' lang='grc'><strong>7</strong></span> 
     </span>
     <span class='ocr_line' id='line_1_29' title="bbox 104 1539 1450 1596; baseline 0 -16"><span class='ocrx_word' id='word_1_193' title='bbox 104 1540 415 1581; x_wconf 80' lang='lat' dir='ltr'>benivolentiae</span> <span class='ocrx_word' id='word_1_194' title='bbox 449 1539 619 1581; x_wconf 89' lang='lat' dir='ltr'>illorum</span> <span class='ocrx_word' id='word_1_195' title='bbox 661 1540 818 1595; x_wconf 78' lang='lat' dir='ltr'>gratias</span> <span class='ocrx_word' id='word_1_196' title='bbox 858 1554 995 1596; x_wconf 84' lang='lat' dir='ltr'>agere,</span> <span class='ocrx_word' id='word_1_197' title='bbox 1028 1543 1226 1593; x_wconf 85' lang='lat' dir='ltr'>ceterum,</span> <span class='ocrx_word' id='word_1_198' title='bbox 1268 1540 1302 1580; x_wconf 88' lang='lat' dir='ltr'>si</span> <span class='ocrx_word' id='word_1_199' title='bbox 1336 1543 1450 1581; x_wconf 88' lang='lat' dir='ltr'>retro</span> 
     </span>
     <span class='ocr_line' id='line_1_30' title="bbox 104 1597 1449 1656; baseline 0.001 -17"><span class='ocrx_word' id='word_1_200' title='bbox 104 1599 162 1639; x_wconf 91' lang='lat' dir='ltr'>ire</span> <span class='ocrx_word' id='word_1_201' title='bbox 201 1602 369 1653; x_wconf 82' lang='lat' dir='ltr'>pergat,</span> <span class='ocrx_word' id='word_1_202' title='bbox 412 1597 526 1639; x_wconf 89' lang='lat' dir='ltr'>haud</span> <span class='ocrx_word' id='word_1_203' title='bbox 558 1599 684 1640; x_wconf 88' lang='lat' dir='ltr'>dubie</span> <span class='ocrx_word' id='word_1_204' title='bbox 722 1614 901 1656; x_wconf 87' lang='lat' dir='ltr'>regnum</span> <span class='ocrx_word' id='word_1_205' title='bbox 939 1599 1134 1640; x_wconf 89' lang='lat' dir='ltr'>hostibus</span> <span class='ocrx_word' id='word_1_206' title='bbox 1173 1599 1449 1640; x_wconf 87' lang='lat' dir='ltr'>traditurum:</span> 
     </span>
     <span class='ocr_line' id='line_1_31' title="bbox 102 1657 1449 1714; baseline 0.001 -16"><span class='ocrx_word' id='word_1_207' title='bbox 102 1657 214 1698; x_wconf 83' lang='lat' dir='ltr'>fama</span> <span class='ocrx_word' id='word_1_208' title='bbox 256 1658 367 1699; x_wconf 90' lang='lat' dir='ltr'>bella</span> <span class='ocrx_word' id='word_1_209' title='bbox 409 1661 518 1699; x_wconf 87' lang='lat' dir='ltr'>stare</span> <span class='ocrx_word' id='word_1_210' title='bbox 561 1662 601 1699; x_wconf 86' lang='lat' dir='ltr'>et</span> <span class='ocrx_word' id='word_1_211' title='bbox 643 1674 757 1711; x_wconf 87' lang='lat' dir='ltr'>eum,</span> <span class='ocrx_word' id='word_1_212' title='bbox 799 1659 871 1713; x_wconf 91' lang='lat' dir='ltr'>qui</span> <span class='ocrx_word' id='word_1_213' title='bbox 912 1659 1092 1713; x_wconf 76' lang='lat' dir='ltr'>recedat,</span> <span class='ocrx_word' id='word_1_214' title='bbox 1133 1659 1280 1714; x_wconf 87' lang='lat' dir='ltr'>fugere</span> <span class='ocrx_word' id='word_1_215' title='bbox 1326 1659 1449 1700; x_wconf 84' lang='lat' dir='ltr'>credi.</span> 
     </span>
     <span class='ocr_line' id='line_1_32' title="bbox 103 1717 1496 1760; baseline 0.001 -3"><span class='ocrx_word' id='word_1_216' title='bbox 103 1717 314 1758; x_wconf 83' lang='lat' dir='ltr'>Trahendi</span> <span class='ocrx_word' id='word_1_217' title='bbox 354 1732 450 1759; x_wconf 89' lang='lat' dir='ltr'>vero</span> <span class='ocrx_word' id='word_1_218' title='bbox 491 1717 588 1758; x_wconf 86' lang='lat' dir='ltr'>belli</span> <span class='ocrx_word' id='word_1_219' title='bbox 634 1719 705 1759; x_wconf 77' lang='lat' dir='ltr'>vix</span> <span class='ocrx_word' id='word_1_220' title='bbox 743 1718 874 1759; x_wconf 86' lang='lat' dir='ltr'>ullam</span> <span class='ocrx_word' id='word_1_221' title='bbox 914 1733 1004 1760; x_wconf 84' lang='lat' dir='ltr'>esse</span> <span class='ocrx_word' id='word_1_222' title='bbox 1042 1718 1267 1760; x_wconf 88' lang='lat' dir='ltr'>rationem:</span> <span class='ocrx_word' id='word_1_223' title='bbox 1308 1721 1449 1759; x_wconf 86' lang='lat' dir='ltr'>tantae</span> <span class='ocrx_word' id='word_1_224' title='bbox 1477 1731 1496 1758; x_wconf 66' lang='lat' dir='ltr'>s</span> 
     </span>
     <span class='ocr_line' id='line_1_33' title="bbox 103 1776 1449 1831; baseline 0.001 -15"><span class='ocrx_word' id='word_1_225' title='bbox 103 1776 214 1817; x_wconf 89' lang='lat' dir='ltr'>enim</span> <span class='ocrx_word' id='word_1_226' title='bbox 247 1776 525 1831; x_wconf 87' lang='lat' dir='ltr'>multitudini,</span> <span class='ocrx_word' id='word_1_227' title='bbox 559 1778 704 1831; x_wconf 89' lang='lat' dir='ltr'>utique</span> <span class='ocrx_word' id='word_1_228' title='bbox 743 1792 839 1818; x_wconf 84' lang='lat' dir='ltr'>eum</span> <span class='ocrx_word' id='word_1_229' title='bbox 878 1778 961 1819; x_wconf 89' lang='lat' dir='ltr'>iam</span> <span class='ocrx_word' id='word_1_230' title='bbox 1001 1778 1136 1819; x_wconf 85' lang='lat' dir='ltr'>hiems</span> <span class='ocrx_word' id='word_1_231' title='bbox 1170 1779 1365 1830; x_wconf 88' lang='lat' dir='ltr'>instaret,</span> <span class='ocrx_word' id='word_1_232' title='bbox 1406 1778 1449 1818; x_wconf 88' lang='lat' dir='ltr'>in</span> 
     </span>
     <span class='ocr_line' id='line_1_34' title="bbox 103 1836 1449 1892; baseline 0.001 -16"><span class='ocrx_word' id='word_1_233' title='bbox 103 1836 275 1892; x_wconf 86' lang='lat' dir='ltr'>regione</span> <span class='ocrx_word' id='word_1_234' title='bbox 314 1839 433 1877; x_wconf 82' lang='lat' dir='ltr'>vasta</span> <span class='ocrx_word' id='word_1_235' title='bbox 472 1839 512 1877; x_wconf 85' lang='lat' dir='ltr'>et</span> <span class='ocrx_word' id='word_1_236' title='bbox 553 1836 731 1877; x_wconf 84' lang='lat' dir='ltr'>invicem</span> <span class='ocrx_word' id='word_1_237' title='bbox 776 1852 800 1878; x_wconf 90' lang='lat' dir='ltr'>a</span> <span class='ocrx_word' id='word_1_238' title='bbox 845 1837 932 1878; x_wconf 89' lang='lat' dir='ltr'>suis</span> <span class='ocrx_word' id='word_1_239' title='bbox 971 1840 1098 1891; x_wconf 89' lang='lat' dir='ltr'>atque</span> <span class='ocrx_word' id='word_1_240' title='bbox 1136 1837 1259 1878; x_wconf 87' lang='lat' dir='ltr'>hoste</span> <span class='ocrx_word' id='word_1_241' title='bbox 1298 1840 1449 1878; x_wconf 76' lang='lat' dir='ltr'>vexata</span> 
     </span>
    </p>
   </div>
   <div class='ocr_carea' id='block_1_8' title="bbox 210 1932 373 1936">
    <p class='ocr_par' dir='ltr' id='par_1_9' title="bbox 210 1932 373 1936">
     <span class='ocr_line' id='line_1_35' title="bbox 210 1932 373 1936; baseline 0 0"><span class='ocrx_word' id='word_1_242' title='bbox 210 1932 373 1936; x_wconf 95' lang='lat' dir='ltr'> </span> 
     </span>
    </p>
   </div>
   <div class='ocr_carea' id='block_1_9' title="bbox 100 1988 1449 2366">
    <p class='ocr_par' dir='ltr' id='par_1_10' title="bbox 100 1988 1449 2366">
     <span class='ocr_line' id='line_1_36' title="bbox 198 1988 1447 2033; baseline 0.001 -11"><span class='ocrx_word' id='word_1_243' title='bbox 198 1992 213 2021; x_wconf 94' lang='lat'>1</span> <span class='ocrx_word' id='word_1_244' title='bbox 244 1988 480 2032; x_wconf 85' lang='lat' dir='ltr'>Thymondas</span> <span class='ocrx_word' id='word_1_245' title='bbox 507 1990 651 2033; x_wconf 74' lang='lat' dir='ltr'>scripsi:</span> <span class='ocrx_word' id='word_1_246' title='bbox 678 1989 862 2024; x_wconf 78' lang='lat' dir='ltr'>thimodes</span> <span class='ocrx_word' id='word_1_247' title='bbox 889 1993 927 2023; x_wconf 85' lang='lat' dir='ltr'>A.</span> <span class='ocrx_word' id='word_1_248' title='bbox 1044 1989 1285 2024; x_wconf 81' lang='lat' dir='ltr'>Pharnabazo</span> <span class='ocrx_word' id='word_1_249' title='bbox 1312 1990 1447 2025; x_wconf 74' lang='lat' dir='ltr'>Aldus:</span> 
     </span>
     <span class='ocr_line' id='line_1_37' title="bbox 101 2035 1375 2083; baseline 0.002 -14"><span class='ocrx_word' id='word_1_250' title='bbox 101 2035 311 2070; x_wconf 87' lang='lat' dir='ltr'>barnabazo</span> <span class='ocrx_word' id='word_1_251' title='bbox 338 2040 376 2070; x_wconf 84' lang='lat' dir='ltr'>A.</span> <span class='ocrx_word' id='word_1_252' title='bbox 462 2040 480 2069; x_wconf 88' lang='grc'><strong>3</strong></span> <span class='ocrx_word' id='word_1_253' title='bbox 507 2036 555 2070; x_wconf 83' lang='lat' dir='ltr'>Hi</span> <span class='ocrx_word' id='word_1_254' title='bbox 584 2038 723 2071; x_wconf 80' lang='lat' dir='ltr'>Lauer:</span> <span class='ocrx_word' id='word_1_255' title='bbox 751 2036 804 2070; x_wconf 88' lang='lat' dir='ltr'>hii</span> <span class='ocrx_word' id='word_1_256' title='bbox 831 2041 869 2071; x_wconf 83' lang='lat' dir='ltr'>A.</span> <span class='ocrx_word' id='word_1_257' title='bbox 956 2041 977 2070; x_wconf 83' lang='lat'>4</span> <span class='ocrx_word' id='word_1_258' title='bbox 1005 2037 1139 2083; x_wconf 84' lang='lat' dir='ltr'>abiret]</span> <span class='ocrx_word' id='word_1_259' title='bbox 1166 2037 1315 2072; x_wconf 85' lang='lat' dir='ltr'>habiret</span> <span class='ocrx_word' id='word_1_260' title='bbox 1340 2041 1375 2071; x_wconf 92' lang='lat' dir='ltr'>P.</span> 
     </span>
     <span class='ocr_line' id='line_1_38' title="bbox 100 2083 1449 2130; baseline 0.002 -14"><span class='ocrx_word' id='word_1_261' title='bbox 100 2083 407 2129; x_wconf 79' lang='lat' dir='ltr'>Mesopotamiae]</span> <span class='ocrx_word' id='word_1_262' title='bbox 434 2084 675 2118; x_wconf 78' lang='lat' dir='ltr'>mesotamiae</span> <span class='ocrx_word' id='word_1_263' title='bbox 702 2089 732 2118; x_wconf 86' lang='lat' dir='ltr'>c.</span> <span class='ocrx_word' id='word_1_264' title='bbox 815 2089 834 2118; x_wconf 83' lang='lat'>5</span> <span class='ocrx_word' id='word_1_265' title='bbox 862 2085 1010 2130; x_wconf 78' lang='lat' dir='ltr'>saltem]</span> <span class='ocrx_word' id='word_1_266' title='bbox 1038 2085 1162 2119; x_wconf 85' lang='lat' dir='ltr'>saltim</span> <span class='ocrx_word' id='word_1_267' title='bbox 1190 2090 1222 2119; x_wconf 85' lang='lat' dir='ltr'>C.</span> <span class='ocrx_word' id='word_1_268' title='bbox 1300 2089 1317 2119; x_wconf 79' lang='lat'>7</span> <span class='ocrx_word' id='word_1_269' title='bbox 1345 2087 1449 2130; x_wconf 77' lang='lat' dir='ltr'>pate-</span> 
     </span>
     <span class='ocr_line' id='line_1_39' title="bbox 100 2131 1449 2177; baseline 0.001 -13"><span class='ocrx_word' id='word_1_270' title='bbox 100 2131 216 2176; x_wconf 87' lang='lat' dir='ltr'>retur]</span> <span class='ocrx_word' id='word_1_271' title='bbox 252 2133 446 2175; x_wconf 84' lang='lat' dir='ltr'>putaretur</span> <span class='ocrx_word' id='word_1_272' title='bbox 478 2135 503 2164; x_wconf 91' lang='lat' dir='ltr'><strong>B</strong></span> <span class='ocrx_word' id='word_1_273' title='bbox 538 2144 579 2165; x_wconf 79' lang='lat' dir='ltr'>m.</span> <span class='ocrx_word' id='word_1_274' title='bbox 603 2143 659 2175; x_wconf 76' lang='lat' dir='ltr'>pr.</span> <span class='ocrx_word' id='word_1_275' title='bbox 807 2136 826 2166; x_wconf 85' lang='lat'>9</span> <span class='ocrx_word' id='word_1_276' title='bbox 853 2132 1055 2176; x_wconf 86' lang='lat' dir='ltr'>proditioni</span> <span class='ocrx_word' id='word_1_277' title='bbox 1088 2133 1292 2167; x_wconf 73' lang='lat' dir='ltr'>Bentleius:</span> <span class='ocrx_word' id='word_1_278' title='bbox 1325 2133 1449 2177; x_wconf 88' lang='lat' dir='ltr'>prodi-</span> 
     </span>
     <span class='ocr_line' id='line_1_40' title="bbox 100 2178 1448 2225; baseline 0.001 -14"><span class='ocrx_word' id='word_1_279' title='bbox 100 2178 239 2212; x_wconf 88' lang='lat' dir='ltr'>tionem</span> <span class='ocrx_word' id='word_1_280' title='bbox 266 2182 304 2211; x_wconf 84' lang='lat' dir='ltr'>A.</span> <span class='ocrx_word' id='word_1_281' title='bbox 390 2183 431 2212; x_wconf 80' lang='lat'>12</span> <span class='ocrx_word' id='word_1_282' title='bbox 460 2179 724 2225; x_wconf 79' lang='lat' dir='ltr'>circumdatos]</span> <span class='ocrx_word' id='word_1_283' title='bbox 751 2179 998 2214; x_wconf 80' lang='lat' dir='ltr'>circumdotos</span> <span class='ocrx_word' id='word_1_284' title='bbox 1024 2184 1049 2212; x_wconf 92' lang='lat' dir='ltr'>P</span> <span class='ocrx_word' id='word_1_285' title='bbox 1078 2192 1119 2213; x_wconf 83' lang='lat' dir='ltr'>m.</span> <span class='ocrx_word' id='word_1_286' title='bbox 1136 2192 1193 2224; x_wconf 75' lang='lat' dir='ltr'>pr.</span> <span class='ocrx_word' id='word_1_287' title='bbox 1276 2185 1317 2213; x_wconf 67' lang='lat'>19</span> <span class='ocrx_word' id='word_1_288' title='bbox 1346 2180 1448 2214; x_wconf 87' lang='lat' dir='ltr'>defu-</span> 
     </span>
     <span class='ocr_line' id='line_1_41' title="bbox 100 2226 1447 2273; baseline 0.001 -14"><span class='ocrx_word' id='word_1_289' title='bbox 100 2226 216 2271; x_wconf 88' lang='lat' dir='ltr'>turos]</span> <span class='ocrx_word' id='word_1_290' title='bbox 244 2226 436 2260; x_wconf 84' lang='lat' dir='ltr'>defuturus</span> <span class='ocrx_word' id='word_1_291' title='bbox 458 2230 482 2259; x_wconf 89' lang='lat' dir='ltr'>P</span> <span class='ocrx_word' id='word_1_292' title='bbox 505 2239 546 2260; x_wconf 85' lang='lat' dir='ltr'>m.</span> <span class='ocrx_word' id='word_1_293' title='bbox 562 2237 620 2270; x_wconf 74' lang='lat' dir='ltr'>pr.</span> <span class='ocrx_word' id='word_1_294' title='bbox 702 2230 745 2260; x_wconf 80' lang='lat'>20</span> <span class='ocrx_word' id='word_1_295' title='bbox 771 2227 1035 2273; x_wconf 84' lang='lat' dir='ltr'>periculosum]</span> <span class='ocrx_word' id='word_1_296' title='bbox 1056 2227 1262 2271; x_wconf 85' lang='lat' dir='ltr'>periculum</span> <span class='ocrx_word' id='word_1_297' title='bbox 1282 2231 1307 2260; x_wconf 87' lang='lat' dir='ltr'>L</span> <span class='ocrx_word' id='word_1_298' title='bbox 1330 2239 1372 2261; x_wconf 84' lang='lat' dir='ltr'>m.</span> <span class='ocrx_word' id='word_1_299' title='bbox 1392 2239 1447 2271; x_wconf 78' lang='lat' dir='ltr'>pr.</span> 
     </span>
     <span class='ocr_line' id='line_1_42' title="bbox 101 2274 1447 2320; baseline 0.001 -14"><span class='ocrx_word' id='word_1_300' title='bbox 101 2276 142 2306; x_wconf 76' lang='lat'>21</span> <span class='ocrx_word' id='word_1_301' title='bbox 172 2274 219 2307; x_wconf 88' lang='lat' dir='ltr'>ad</span> <span class='ocrx_word' id='word_1_302' title='bbox 246 2274 298 2318; x_wconf 88' lang='lat' dir='ltr'>se]</span> <span class='ocrx_word' id='word_1_303' title='bbox 327 2284 347 2307; x_wconf 85' lang='lat' dir='ltr'>a</span> <span class='ocrx_word' id='word_1_304' title='bbox 374 2285 411 2307; x_wconf 87' lang='lat' dir='ltr'>se</span> <span class='ocrx_word' id='word_1_305' title='bbox 437 2278 472 2307; x_wconf 89' lang='lat' dir='ltr'>P.</span> <span class='ocrx_word' id='word_1_306' title='bbox 581 2278 623 2307; x_wconf 78' lang='lat'>23</span> <span class='ocrx_word' id='word_1_307' title='bbox 651 2274 815 2308; x_wconf 84' lang='lat' dir='ltr'>nuntiari</span> <span class='ocrx_word' id='word_1_308' title='bbox 840 2279 873 2308; x_wconf 86' lang='lat'>1:</span> <span class='ocrx_word' id='word_1_309' title='bbox 900 2275 1071 2309; x_wconf 84' lang='lat' dir='ltr'>nuntiare</span> <span class='ocrx_word' id='word_1_310' title='bbox 1098 2278 1136 2308; x_wconf 89' lang='lat' dir='ltr'>A.</span> <span class='ocrx_word' id='word_1_311' title='bbox 1247 2279 1288 2308; x_wconf 75' lang='lat'>27</span> <span class='ocrx_word' id='word_1_312' title='bbox 1316 2274 1447 2320; x_wconf 84' lang='lat' dir='ltr'>ullam]</span> 
     </span>
     <span class='ocr_line' id='line_1_43' title="bbox 100 2320 1244 2366; baseline 0.002 -13"><span class='ocrx_word' id='word_1_313' title='bbox 100 2320 217 2354; x_wconf 90' lang='lat' dir='ltr'>ullum</span> <span class='ocrx_word' id='word_1_314' title='bbox 243 2323 268 2353; x_wconf 87' lang='lat' dir='ltr'>B</span> <span class='ocrx_word' id='word_1_315' title='bbox 296 2333 338 2355; x_wconf 82' lang='lat' dir='ltr'>m.</span> <span class='ocrx_word' id='word_1_316' title='bbox 356 2333 413 2365; x_wconf 72' lang='lat' dir='ltr'>pr.</span> <span class='ocrx_word' id='word_1_317' title='bbox 513 2324 556 2354; x_wconf 75' lang='lat'>28</span> <span class='ocrx_word' id='word_1_318' title='bbox 582 2321 700 2356; x_wconf 84' lang='lat' dir='ltr'>hiems</span> <span class='ocrx_word' id='word_1_319' title='bbox 726 2325 759 2355; x_wconf 86' lang='lat'>1:</span> <span class='ocrx_word' id='word_1_320' title='bbox 786 2322 930 2366; x_wconf 86' lang='lat' dir='ltr'>hiemps</span> <span class='ocrx_word' id='word_1_321' title='bbox 958 2327 991 2364; x_wconf 81' lang='lat' dir='ltr'>c,</span> <span class='ocrx_word' id='word_1_322' title='bbox 1018 2322 1184 2366; x_wconf 83' lang='lat' dir='ltr'>hiaepms</span> <span class='ocrx_word' id='word_1_323' title='bbox 1210 2326 1244 2356; x_wconf 93' lang='lat' dir='ltr'>P.</span> 
     </span>
    </p>
   </div>
  </div>
 </body>
</html>
