1610 2522
333 84 661 119 Hls'l‘oltIARL'M
694 83 972 117 ALEXANDRI
1002 82 1078 119 IIII.
1106 88 1135 116 ι’».
1159 86 1189 116 G.
1380 83 1426 121 (il

31 200 79 234 ⁸25
174 196 335 237 Dareus
368 195 588 248 desperata
627 207 746 247 pace,
786 207 910 247 quam
951 207 1026 246 per
1058 192 1221 232 litteras
1254 190 1495 246 legatos-VI

85 270 164 310 que
208 255 411 309 inpetrari
460 268 583 307 posse
626 252 878 304 crediderat,
926 252 977 292 ad
1022 250 1279 304 reparandas
1325 250 1436 291 vires

86 314 328 368 bellumque
362 314 527 368 inpigre
555 312 843 353 renovandum
873 310 1056 352 intendit
1088 311 1288 351 animum.
1353 309 1438 350 Du-
1465 321 1484 349 2

83 389 150 415 ces
178 388 279 428 ergo
308 373 524 427 copiarum
553 371 835 426 Babyloniam
864 370 1102 424 convenire,
1129 369 1307 410 Bessum
1336 384 1436 422 quo-

47 452 61 477 5
84 448 177 487 que,
219 432 539 474 Bactrianorum
585 434 843 485 praetorem,
890 445 1015 483 quam
1062 430 1247 470 maximo
1294 432 1439 482 posset

84 493 273 534 exercitu
306 495 465 544 coacte,
505 490 755 531 descendere
796 490 846 530 ad
886 503 928 529 se
963 489 1090 530 iubet.
1155 488 1263 529 Sunt
1297 492 1435 529 autem

84 551 298 593 Bactriani
339 552 450 592 inter
493 550 585 591 illas
625 553 771 605 gentes
806 548 1115 603 promptissimi
1154 547 1338 589 horridis
1379 547 1439 587 in-

84 612 220 667 geniis
250 611 515 664 multumque
550 624 573 649 a
599 609 821 650 Persarum
852 609 955 649 luxu
986 607 1332 649 abhorrentibus:
1367 607 1437 647 siti

84 671 195 712 haud
228 670 379 725 procul
413 669 669 723 Scytharum
712 668 1035 709 bellicosissima
1075 670 1201 723 gente
1243 670 1284 707 et
1316 670 1438 720 rapto

33 750 64 774 ιο
87 731 224 771 vivere
270 730 444 770 adsueta
489 743 654 783 semper
698 728 741 769 in
786 727 915 768 armis
962 731 1091 768 erant.
1157 726 1238 768 Sed
1283 726 1439 767 Bessus

86 793 283 844 suspecta
322 789 500 844 perfidia
537 788 650 829 haud
689 802 788 829 sane
827 801 962 841 aequo
996 788 1136 828 animo
1177 787 1220 827 in
1253 785 1437 827 secundo

88 864 131 890 se
165 849 387 890 continens
420 848 555 903 gradu
588 862 729 902 regem
764 847 966 888 terrebat:
999 861 1095 887 nam
1132 860 1225 886 cum
1259 859 1435 899 reg-num

87 909 330 961 adfectaret,
364 907 562 962 proditio,
595 922 678 961 quo
713 906 802 948 sola
836 906 877 947 id
905 906 1079 960 adsequi
1106 908 1286 960 poterat,
1319 905 1440 945 time-

89 968 225 1009 batur.

33 1046 63 1071 15
175 1026 370 1068 Ceterum
406 1026 657 1079 Alexander,
701 1040 827 1079 quam
860 1025 1078 1079 regionem
1113 1024 1275 1065 Dareus
1314 1023 1439 1077 petis-

87 1090 163 1140 set,
196 1088 313 1128 omni
345 1100 445 1127 cura
477 1085 695 1140 vestigans
727 1088 870 1126 tamen
898 1084 1119 1138 explorare
1152 1098 1239 1124 non
1271 1085 1440 1136 poterat

86 1160 201 1188 more
235 1145 418 1199 quodam
456 1144 681 1186 Persarum
715 1159 868 1186 arcana
894 1158 1041 1199 regum
1075 1145 1183 1184 mira
1210 1142 1440 1184 celantium

86 1206 184 1247 fide:
219 1219 301 1246 non
337 1207 488 1251 metus,
520 1219 607 1246 non
639 1219 735 1258 spes
762 1204 877 1244 elicit
904 1218 1064 1256 vocem,
1097 1218 1179 1257 qua
1205 1202 1441 1257 prodantur

87 1266 265 1307 occulta.
328 1263 464 1305 Vetus
497 1264 723 1317 disciplina
754 1277 903 1318 regum
937 1263 1158 1304 silentium
1190 1261 1302 1303 vitae
1335 1260 1441 1315 peri-

34 1343 66 1368 20
88 1325 183 1366 culo
223 1327 438 1365 sanxerat:
479 1323 628 1379 lingua
666 1323 836 1378 gravius
879 1323 1112 1377 castigatur
1145 1336 1270 1375 quam
1305 1320 1439 1362 ullum

88 1384 302 1438 probrum,
341 1398 417 1424 nec
449 1397 647 1438 magnam
688 1397 775 1424 rem
809 1382 926 1437 Magi
959 1382 1161 1423 sustineri
1201 1395 1326 1435 posse
1360 1395 1443 1421 cre-

91 1444 197 1484 dunt
229 1443 282 1484 ab
317 1457 379 1495 eo,
412 1443 480 1484 cui
513 1446 653 1484 tacere
687 1456 813 1497 grave
847 1443 914 1495 sit,
947 1441 1062 1496 quod
1094 1440 1259 1482 homini
1293 1439 1441 1481 facilli-

16 1508 66 1542 26
90 1518 204 1544 inum
230 1502 413 1544 voluerit
439 1516 529 1543 esse
555 1504 718 1542 natura.
782 1500 846 1542 Ob
873 1501 982 1541 hanc
1009 1515 1180 1542 causam
1202 1498 1442 1540 Alexander

91 1562 291 1616 omnium,
324 1576 431 1616 quae
458 1561 570 1615 apud
596 1561 764 1602 hostem
791 1564 1051 1616 gererentur,
1086 1559 1259 1615 ignarus
1293 1559 1440 1599 urbem

37 1640 68 1664 25
91 1621 248 1662 Gazam
300 1620 532 1662 obsidebat.
608 1620 807 1661 Praeerat
857 1620 953 1661 urbi
1004 1619 1122 1661 Betis
1168 1619 1347 1660 eximiae
1398 1618 1440 1658 in

89 1695 233 1736 regem
267 1695 390 1721 suum
423 1679 519 1720 fidei
548 1680 799 1734 modicoque
831 1679 1043 1734 praesidio
1077 1693 1223 1720 muros
1257 1677 1443 1733 ingentis

91 1740 230 1795 operis
251 1739 459 1781 tuebatur.
522 1738 762 1781 Ajexander
789 1739 1013 1780 aestimato
1040 1739 1233 1779 locorum
1262 1737 1346 1779 situ
1375 1736 1442 1791 agi

91 1799 310 1841 cuniculos
349 1799 474 1839 iussit
505 1799 620 1839 facili
660 1814 708 1840 ac
747 1800 830 1840 levi
864 1799 992 1839 humo
1026 1800 1272 1852 acceptante
1306 1796 1442 1837 occul-

91 1862 181 1900 tum
233 1873 358 1913 opus:
410 1858 566 1912 quippe
617 1857 795 1898 multam
842 1857 1044 1899 harenam
1089 1857 1277 1898 vicinum
1328 1870 1444 1897 mare

187 2015 206 2044 2
235 2011 460 2056 crediderat]
487 2010 720 2045 crediderant
749 2014 780 2043 c.
928 2014 948 2043 4
975 2008 1238 2054 Babyloniam]
1275 2007 1444 2051 babyllo-

92 2059 192 2092 niam
219 2062 258 2101 V,
285 2058 531 2092 babilloniam
557 2062 592 2092 F.
693 2063 712 2090 ἴ»
741 2059 960 2102 praetorem,
988 2067 1100 2100 quam
1130 2056 1351 2090 armonius:
1380 2067 1445 2099 per

93 2117 205 2150 quam
231 2109 269 2139 A.
364 2110 383 2139 S
411 2105 657 2151 multumque]
686 2105 845 2138 multum
872 2115 1017 2149 quoque
1044 2108 1079 2137 L.
1175 2108 1193 2136 9
1223 2102 1443 2146 Scytharum

101 2153 330 2188 Vindelinus:
371 2152 573 2186 scitharum
606 2156 643 2186 A.
799 2156 839 2186 12
878 2152 1049 2197 regnum]
1088 2162 1217 2195 regum
1249 2154 1274 2183 L
1312 2162 1356 2184 m.
1386 2162 1444 2194 pr.

96 2205 137 2234 16
165 2201 371 2246 explorare]
405 2199 613 2244 exploraret
643 2204 670 2233 F
702 2212 746 2234 m.
771 2211 827 2244 pr.
938 2198 1154 2243 celantium]
1183 2197 1387 2232 celancium
1408 2201 1443 2231 P.

94 2252 137 2282 20
164 2248 352 2293 sanxerat]
375 2249 519 2282 saxerat
541 2251 566 2280 B
586 2259 630 2282 m.
649 2259 704 2291 pr.
781 2252 822 2281 21
845 2246 1036 2291 probrum]
1058 2245 1212 2290 probum
1233 2249 1268 2278 L.
1344 2244 1444 2288 Magi

95 2296 325 2341 Rutyersius:
348 2295 466 2339 magis
482 2298 520 2329 A.
596 2298 639 2329 22
654 2294 890 2339 facillimum]
910 2293 1120 2327 facillinum
1134 2297 1170 2327 F.
1248 2297 1290 2326 26
1306 2293 1445 2337 muros]

95 2355 219 2376 murus
246 2347 270 2376 L
299 2355 339 2377 m.
356 2356 413 2386 pr.
515 2346 557 2376 28
585 2342 785 2387 occultum]
813 2341 977 2375 ocultum
1006 2345 1027 2373 c
1054 2339 1217 2386 [oculum
1245 2343 1270 2372 B
1296 2352 1339 2374 m.
1357 2340 1443 2384 pon]

1466 498 1484 526 3
