1610 2522
354 99 690 136 HISTORIARUM
717 99 999 134 ALEXANDRI
1027 99 1104 142 vn,
1132 102 1163 133 3.
1185 104 1215 133 4.
1376 99 1460 139 215

107 209 252 250 amicis
285 209 548 264 ducibusque
580 209 798 264 copiarum
820 209 930 249 inter
961 207 1109 263 epulas
1136 207 1185 249 de
1218 207 1330 249 bello
1365 222 1459 250 con*

106 267 304 310 sultabat.
378 268 534 310 Graves
579 283 695 309 mero
735 283 830 309 suas
868 267 978 308 vires
1012 267 1234 320 extollere,
1271 267 1458 308 hostium
1488 278 1507 307 ἱ)

108 342 219 368 nunc
251 328 545 381 temeritatem,
576 342 689 369 nunc
720 327 978 382 paucitatem
1005 341 1204 382 spernere
1236 326 1459 381 incipiunt.

108 386 338 441 Praecipue
382 387 539 428 Bessus
589 388 710 429 ferox
760 386 899 428 verbis
950 389 992 428 et
1035 389 1157 440 parto
1202 401 1278 441 per
1322 385 1458 427 scelus
1489 398 1508 425 3

70 460 237 501 sregno
283 447 490 501 superbus
535 461 583 489 ac
617 448 685 488 vix
724 449 875 501 potens
914 446 1070 487 mentis
1110 446 1247 487 dicere
1279 444 1458 487 orditur:

107 506 300 547 socordia
344 505 471 548 Darei
513 507 692 548 crevisse
739 505 929 547 hostium
973 505 1142 547 famam.
1217 503 1460 546 Occurrisse
1488 516 1507 545 4

106 565 218 606 enim
258 566 303 606 in
336 564 507 607 Ciliciae
546 565 863 621 angustissimis
898 563 1110 618 faucibus,
1149 578 1244 605 cum
1278 567 1460 606 retroce-

107 624 243 665 dendo
281 628 427 679 posset
463 625 694 679 perducere
733 624 927 665 incautos
965 624 1010 665 in
1040 623 1134 665 loca
1165 627 1342 665 naturae
1375 624 1458 665 situ

106 686 216 736 tuta,
258 686 322 724 tot
367 684 616 725 fluminibus
661 684 857 738 obiectis,
900 686 968 725 tot
1011 684 1223 724 montium
1273 683 1461 738 latebris,

51 764 84 787 ω
107 743 217 783 inter
249 757 353 796 quas
381 743 665 798 deprehensus
691 743 829 784 hostis
854 757 907 784 ne
932 743 1058 798 fugae
1091 742 1273 797 quidem,
1304 743 1459 784 nedum

105 802 326 844 resistendi
370 804 635 846 occasionem
674 802 804 843 fuerit
842 802 1079 844 habiturus.
1155 801 1247 843 Sibi
1291 801 1459 856 placere
1487 813 1506 841 5

104 861 149 902 in
193 860 431 917 Sogdianos
475 862 682 904 recedere:
735 860 873 903 Oxum
919 876 1086 902 amnem
1131 861 1249 902 velut
1289 876 1456 902 murum

105 920 372 962 obiecturum
413 922 545 975 hosti,
590 921 690 962 dum
741 935 791 961 ex
836 921 1030 962 finitimis
1075 920 1275 976 gentibus
1320 921 1460 962 valida

105 980 262 1021 auxilia
304 984 611 1022 concurrerent.
675 980 891 1021 Venturos
931 983 1072 1021 autem
1107 979 1379 1021 Chorasmios
1419 983 1459 1021 et
1487 990 1506 1020 6

51 1057 83 1083 15
106 1038 246 1080 Dahas
281 1038 490 1094 Sacasque
529 1043 569 1081 et
608 1039 735 1081 Indos
775 1042 816 1080 et
854 1041 967 1081 ultra
998 1039 1161 1081 Tanain
1194 1054 1359 1081 amnem
1393 1054 1458 1081 co-

104 1099 238 1140 lentes
273 1098 473 1153 Scythas:
513 1114 694 1154 quorum
734 1100 945 1141 neminem
978 1099 1081 1140 adeo
1115 1099 1321 1140 humilem
1356 1113 1460 1152 esse,

104 1160 151 1198 ut
182 1157 347 1200 humeri
381 1158 470 1200 eius
497 1174 585 1200 non
609 1161 786 1214 possent
812 1158 1056 1200 Macedonis
1084 1158 1232 1199 militis
1257 1158 1457 1199 verticem

104 1231 293 1271 aequare.
335 1216 613 1260 Conclamant
644 1218 870 1259 temulenti
901 1233 1028 1259 unam
1060 1217 1169 1258 hanc
1203 1218 1457 1259 sententiam
1488 1228 1504 1257 ῖ

104 1276 316 1318 salubrem
361 1292 471 1319 esse:
516 1280 557 1320 et
596 1278 752 1319 Bessus
798 1277 1060 1319 circumferri
1100 1291 1265 1318 merum
1296 1277 1458 1331 largius

34 1340 83 1375 16
105 1336 224 1377 iubet
262 1336 550 1378 debellaturus
595 1351 721 1391 super
759 1351 947 1378 mensam
987 1336 1290 1378 Alexandrum.
1353 1336 1459 1377 Erat
1486 1346 1506 1376 S

49 1413 82 1438 21
104 1395 148 1436 in
185 1409 234 1436 eo
268 1396 463 1437 convivio
498 1395 703 1450 Gobares,
741 1396 913 1437 natione
946 1395 1118 1450 Medus,
1162 1395 1235 1436 sed
1268 1397 1458 1450 magicae

104 1455 206 1495 artis
234 1479 288 1483 —
317 1456 351 1497 si
384 1456 510 1496 modo
538 1470 604 1497 ars
638 1459 712 1510 est,
743 1470 829 1496 non
863 1455 1081 1496 vanissimi
1113 1455 1318 1509 cuiusque
1351 1454 1458 1496 ludi-

104 1513 243 1554 brium
284 1540 339 1543 ——
387 1515 519 1570 magis
573 1514 838 1569 professione
883 1530 1010 1569 quam
1061 1514 1238 1556 scientia
1282 1513 1458 1568 celeber,

103 1572 265 1626 alioqui
296 1574 537 1615 moderatus
570 1577 612 1615 et
642 1574 815 1628 probus.
877 1573 917 1615 Is
960 1588 1056 1616 cum
1096 1574 1310 1628 praefatus
1338 1576 1459 1626 esset,
1486 1585 1506 1615 9

201 1742 220 1770 5
247 1748 289 1772 ac
316 1738 390 1783 vix]
417 1737 486 1772 hac
511 1738 569 1771 uis
595 1741 633 1772 V.
745 1738 904 1784 orditur]
932 1737 1049 1772 oritur
1073 1741 1110 1781 P,
1137 1738 1261 1772 oditur
1286 1741 1314 1770 V
1338 1750 1380 1771 m.
1396 1750 1456 1782 pr.

105 1788 124 1817 6
152 1785 337 1830 socordia]
365 1784 530 1820 secordia
557 1790 588 1819 c.
698 1785 924 1831 Occurrisse]
952 1786 1133 1819 occurisse
1153 1789 1190 1825 P,
1217 1785 1395 1820 ocurrisse
1416 1789 1455 1818 V.

106 1835 124 1864 7
152 1831 319 1878 Ciliciae]
353 1832 494 1866 cilitiae
525 1836 564 1866 V.
665 1833 955 1879 angustissimis]
988 1833 1244 1877 angustissimi
1264 1837 1306 1874 Ρ,
1341 1843 1456 1877 angu-

103 1879 252 1913 stissi**
273 1883 312 1914 V.
388 1884 407 1913 8
429 1880 503 1914 situ
523 1882 605 1914 tuta
622 1881 827 1915 Bentleius:
855 1881 904 1915 sit
924 1883 988 1914 aut
1007 1884 1046 1914 A.
1124 1884 1166 1914 10
1187 1880 1456 1926 deprehensus]

105 1926 329 1971 dephensius
350 1931 387 1960 V.
513 1931 555 1960 12
583 1927 701 1961 Oxum
723 1929 863 1963 Lauer:
891 1939 985 1962 exun
1007 1931 1045 1961 A.
1162 1939 1309 1962 murum
1329 1938 1394 1961 om.
1416 1931 1455 1961 V.

107 1977 149 2008 13
171 1974 417 2020 obiecturum]
439 1974 668 2008 abiecturum
689 1979 728 2009 V.
804 1975 917 2021 hosti]
938 1976 1009 2009 osti
1026 1979 1065 2010 V.
1144 1979 1185 2009 14
1207 1974 1456 2021 Chorasmios]

104 2021 317 2056 chorasmos
343 2026 379 2055 F.
479 2026 520 2055 15
548 2022 672 2056 Dahas
700 2023 835 2057 Aldus:
864 2022 952 2057 deas
979 2026 1018 2057 A.
1108 2022 1293 2066 Sacasque
1323 2022 1455 2057 Frobe-

107 2070 205 2103 nius:
234 2079 417 2113 sagasque
444 2073 482 2103 A.
602 2073 644 2104 16
672 2069 845 2115 Scythas]
873 2072 996 2114 scytas
1024 2075 1045 2103 c
1072 2070 1200 2115 [scitas
1227 2070 1283 2115 V].
1394 2082 1456 2103 ue-

104 2116 258 2162 minem]
278 2117 465 2150 nominem
478 2121 513 2150 P.
602 2117 709 2162 adeo]
730 2117 814 2151 ideo
834 2121 872 2151 V.
963 2121 1004 2151 1'1‘
1031 2117 1191 2163 humeri]
1214 2117 1331 2150 umeri
1347 2120 1382 2150 L.

106 2173 177 2196 non
204 2175 270 2198 om.
297 2167 332 2197 P.
441 2164 588 2209 milit-is]
620 2164 759 2198 milites
785 2169 819 2198 P.
945 2169 987 2199 18
1014 2164 1227 2210 temulenti]
1260 2164 1390 2198 temuli
1415 2168 1455 2198 V.

107 2213 150 2243 20
172 2210 441 2256 debellaturus]
463 2211 703 2246 debellaturis
724 2215 783 2245 FL
804 2224 848 2246 m.
866 2224 924 2256 pr.
998 2212 1179 2258 mensam]
1200 2222 1327 2246 mensa
1347 2215 1382 2245 P.

105 2256 373 2304 Alexandrum]
400 2258 641 2292 alexandrum
666 2259 891 2293 uersiculum
915 2263 953 2293 V.
1053 2263 1095 2293 21
1125 2258 1287 2294 Gobares
1308 2259 1454 2304 Stanyl:

106 2304 258 2339 cobares
273 2308 311 2339 A.
385 2306 536 2340 natione
550 2306 680 2340 Medus
695 2310 727 2340 1:
750 2307 940 2340 nat-ionem
955 2306 1063 2341 sedus
1079 2310 1115 2349 P,
1129 2306 1280 2340 natione
1295 2306 1404 2341 sedus
1422 2311 1455 2339 C.

107 2356 149 2386 2-2
178 2353 266 2398 non]
293 2356 339 2386 fio
366 2356 401 2386 P.
501 2357 545 2386 ‘24
572 2354 784 2388 moderatus
810 2358 842 2387 1:
879 2354 1094 2388 modoratus
1121 2357 1160 2388 A.
1258 2353 1308 2398 Is]
1334 2353 1391 2386 his
1419 2356 1457 2386 P.
