1610 2522
76 429 118 459 36

75 666 115 696 37

72 1015 122 1049 VI

98 1854 118 1883 ἴ)

97 1973 116 2002 6

149 130 235 171 3ῗ4
650 130 690 171 Q.
719 130 861 165 CUltTI
888 131 1002 166 RUFI

147 254 262 280 muni
292 239 439 280 virtuti
467 239 670 288 debuerit,
705 239 800 293 plus
827 239 1022 280 debuisse
1049 240 1255 294 fortunae,
1288 255 1414 294 quam
1441 255 1505 282 so-

146 298 212 338 lus
247 299 434 339 omnium
469 300 714 340 mortalium
753 299 795 339 in
827 302 1039 353 potestate
1073 299 1233 341 habuit.
1299 299 1505 348 Quotiens

147 358 267 399 illum
310 374 332 398 a
371 360 506 398 morte
546 358 776 399 revocavit!
820 359 1017 412 quotiens
1051 361 1208 400 temere
1242 360 1283 400 in
1316 359 1505 414 pericula

146 420 315 458 vectum
367 420 571 471 perpetua
621 417 826 459 felicitate
875 418 1080 472 protexit!
1160 417 1284 459 Vitae
1336 432 1505 472 quoque

145 477 272 517 finem
320 477 498 517 eundem
544 477 604 518 illi
652 491 777 531 quem
823 476 983 532 gloriae
1023 477 1190 518 statuit:
1230 480 1506 532 expectavere
1543 495 1558 520 5

146 551 241 576 euin
283 536 386 589 fata,
431 536 528 577 dum
576 535 748 578 Oriente
793 537 1030 590 perdomito
1076 537 1277 591 aditoque
1323 535 1503 590 Oceano,

145 595 354 649 quidquid
388 595 624 636 mortalitas
657 596 862 650 capiebat,
895 596 1086 650 inpleret.

235 654 348 695 Huic
374 655 464 710 regi
491 655 673 708 ducique
701 669 919 697 successor
946 655 1238 709 quaerebatur,
1275 655 1346 696 sed
1369 655 1505 696 maior

145 715 278 755 moles
318 717 424 767 erat,
470 728 595 768 quam
630 718 676 755 ut
709 729 818 755 unus
851 715 995 756 subire
1028 729 1119 756 eam
1152 719 1315 768 posset:
1362 715 1505 769 itaque

144 788 297 814 nomen
332 788 501 828 quoque
535 774 623 815 eius
658 777 698 815 et
730 774 843 814 falna
875 789 1015 815 rerum
1046 775 1089 815 in
1115 777 1255 816 totum
1282 789 1504 829 propemo-
1527 792 1558 816 10

146 833 244 873 dum
280 832 424 874 orbem
458 848 578 889 reges
611 847 659 874 ac
691 848 821 889 regna
853 833 1035 888 diffudit,
1068 834 1377 888 clarissimique
1405 836 1505 874 sunt

144 892 300 945 habiti,
347 893 419 946 qui
460 893 587 934 etiam
630 893 829 933 minimae
868 893 980 947 parti
1020 896 1164 934 tantae
1202 892 1398 934 fortunae
1436 893 1501 934 ad‘

147 951 385 993 haeserunt.

237 1010 434 1052 Ceterum
465 1010 684 1065 Babylone
711 1037 768 1040 —
795 1011 891 1052 inde
925 1013 1037 1052 enim
1071 1011 1253 1053 devertit
1284 1010 1420 1053 oratio
1449 1035 1504 1040 --
1527 1015 1575 1049 19

146 1071 335 1125 corporis
375 1071 465 1112 eius
506 1071 700 1112 custodes
739 1071 784 1112 in
821 1071 981 1125 regiam
1025 1072 1238 1125 principes
1271 1071 1503 1112 amicorum
1526 1087 1557 1113 15

146 1130 357 1184 ducesque
405 1131 621 1184 copiarum
668 1130 936 1172 advocavere.
1013 1129 1165 1171 Secuta
1211 1134 1274 1171 est
1317 1130 1504 1171 militum

145 1190 271 1230 turba
318 1190 579 1244 cupientium
629 1190 754 1244 scire,
799 1190 842 1230 in
887 1205 1014 1243 quein
1057 1189 1289 1230 Alexandri
1333 1190 1505 1230 fortuna

145 1252 255 1289 esset
297 1249 537 1290 transitura.
602 1249 729 1290 Multi
768 1249 893 1290 duces
931 1249 1173 1303 frequentia
1216 1249 1402 1289 militum
1436 1263 1504 1290 ex-

145 1308 251 1349 clusi
278 1308 438 1363 regiam
466 1308 623 1349 intrare
651 1324 736 1349 non
762 1312 972 1363 poterant,
1003 1323 1097 1349 cum
1125 1323 1276 1362 praeco
1304 1308 1504 1362 exceptis,

145 1369 217 1421 qui
249 1369 502 1409 nominatim
537 1369 785 1421 citarentur,
824 1369 939 1409 adire
977 1367 1234 1423 prohiberet.
1299 1366 1381 1408 Sed
1413 1381 1505 1421 pre·
1525 1384 1558 1409 20

145 1427 305 1468 carium
352 1428 632 1482 spernebatur
676 1428 912 1482 imperium.
983 1427 1045 1468 Ac
1090 1427 1277 1482 primum
1322 1427 1504 1468 eiulatus

144 1488 294 1542 ingens
326 1488 605 1541 ploratusque
639 1490 867 1528 renovatus
901 1489 975 1540 est,
1009 1487 1159 1527 deinde
1192 1486 1326 1527 futuri
1359 1499 1505 1540 expec-

145 1547 252 1587 tatio
286 1546 482 1587 inhibitis
515 1546 704 1587 lacrimis
737 1547 953 1587 silentium
987 1546 1099 1587 fecit.
1160 1545 1277 1587 Tunc
1306 1545 1507 1587 Perdicca

144 1606 261 1660 regia
295 1608 398 1647 sella
431 1605 474 1646 in
507 1609 783 1659 conspectum
816 1606 931 1659 volgi
965 1606 1080 1660 data,
1122 1606 1165 1646 in
1199 1620 1282 1659 qua
1314 1605 1507 1646 diadema

144 1665 359 1718 vestisque
385 1665 619 1706 Alexandri
653 1680 748 1706 cum
782 1666 910 1706 armis
943 1668 1075 1718 erant,
1108 1665 1283 1706 anulum
1313 1664 1394 1705 sibi
1420 1664 1505 1718 pri-
1526 1680 1558 1705 25

144 1724 210 1764 die
249 1724 452 1765 traditum
494 1740 515 1764 a
549 1739 647 1779 rege
689 1725 729 1764 in
770 1725 914 1765 eadem
956 1724 1053 1765 sede
1092 1724 1247 1778 posuit.
1316 1722 1505 1772 Quorum

145 1786 319 1837 aspectu
363 1798 508 1824 rursus
553 1784 729 1824 obortae
772 1784 970 1825 omnibus
1009 1785 1208 1824 lacrimae
1242 1783 1506 1838 integravere

144 1843 328 1896 luctum,
372 1845 411 1883 et
445 1842 662 1884 Perdicca:
705 1843 815 1898 ‘Ego
856 1843 1061 1897 quidem‚’
1104 1843 1262 1896 inquit,
1305 1841 1506 1895 ‘anulum7

146 1916 230 1955 quo
264 1902 335 1943 ille
370 1902 488 1957 regni
525 1906 652 1955 atque
687 1902 853 1956 imperii
881 1917 945 1943 res
974 1902 1201 1956 obsignare
1228 1905 1317 1942 erat
1344 1901 1507 1954 solitus⁷

144 1961 348 2002 traditum
390 1961 441 2002 ab
488 1962 580 2015 ipso
624 1962 729 2002 mihi
773 1962 900 2003 reddo
935 1961 1069 2002 vobis.
1133 1960 1328 2002 Ceterum
1362 1974 1506 2014 quam·
1527 1976 1561 2001 30

244 2058 258 2087 1
283 2053 470 2099 debuisse]
494 2054 683 2088 debuisset
698 2058 732 2087 P.
815 2060 834 2087 3
857 2054 1045 2099 quotiens]
1069 2053 1246 2097 quociens
1266 2057 1301 2087 L.
1383 2051 1506 2098 illum]

145 2104 284 2135 temere
305 2105 331 2133 F
354 2113 396 2135 m.
411 2114 467 2145 pr.
557 2105 575 2134 6
604 2101 770 2147 Oriente]
798 2102 980 2135 moriente
1001 2105 1037 2136 P.
1126 2100 1288 2145 Oceano]
1311 2111 1449 2134 aceano
1469 2103 1506 2134 P.

146 2153 165 2181 9
187 2149 298 2194 unus]
320 2149 428 2182 unius
450 2153 484 2182 P.
564 2153 605 2182 12
627 2149 891 2194 adhaeserunt]
913 2149 1113 2183 adeserunt
1134 2152 1170 2182 P.
1252 2152 1293 2181 14
1317 2147 1507 2191 Babylone

146 2199 171 2229 B
194 2208 237 2230 m.
258 2208 340 2230 see:
364 2196 536 2230 babilone
558 2200 616 2229 FP
637 2208 763 2240 mpr„
787 2195 976 2230 babillone
996 2199 1022 2228 B
1044 2208 1086 2229 m.
1104 2207 1163 2240 pr.
1179 2199 1252 2229 LV.
1334 2198 1374 2229 16
1397 2195 1506 2229 advo-

147 2244 292 2288 cavere]
309 2244 489 2278 advocare
503 2247 528 2276 P
543 2256 586 2278 m.
598 2255 656 2288 pr.
729 2249 770 2277 1⁸
790 2243 1009 2288 transitura]
1025 2243 1201 2276 trasitura
1217 2246 1252 2276 L.
1330 2246 1373 2275 ‘20
1389 2241 1507 2287 adire]

147 2291 277 2325 adhire
304 2295 328 2323 P
351 2304 392 2324 m.
410 2302 468 2335 pr.
556 2291 782 2335 prohiberet]
812 2291 999 2335 proiberet
1026 2295 1051 2323 P
1072 2303 1115 2324 m.
1133 2302 1189 2334 pr.
1283 2293 1323 2324 21
1354 2290 1407 2323 Ac
1433 2289 1506 2333 pri-

147 2350 247 2371 muni
284 2339 427 2373 Lauer:
466 2338 512 2372 ad
546 2338 704 2383 primum
738 2341 776 2371 A.
884 2342 927 2372 24
961 2338 1215 2382 conspectum]
1243 2339 1446 2381 conspectu
1470 2340 1506 2370 1..

150 2390 192 2420 26
211 2386 312 2431 sede]
330 2386 453 2420 sedem
470 2389 504 2419 P.
581 2389 624 2420 29
641 2385 804 2431 imperii]
820 2385 975 2429 imperio
990 2389 1026 2418 Ι..
1099 2397 1154 2419 res
1170 2385 1338 2427 Scheffer:
1354 2384 1452 2418 uires
1467 2386 1506 2417 A.
