1610 2522
126 78 180 117 44
629 79 668 116 Q.
697 75 835 109 crim
869 75 973 108 arri

56 201 99 228 :w
131 186 296 227 Potitus
335 200 436 241 orgo
480 184 633 226 Pelusii
670 183 901 238 Memphim
944 183 1087 238 copias
1127 183 1351 238 promovit.
1414 181 1480 223 Acl

128 247 247 287 cuius
290 246 441 286 famam
477 244 701 300 Aegyptii,
743 258 845 284 vana
884 258 988 297 gens
1029 246 1069 285 et
1110 243 1314 285 novandis
1355 256 1479 296 quam

125 304 322 360 gerendis
349 305 489 359 aptior
517 303 654 357 rebus,
686 318 735 344 ex
764 303 850 344 suis
879 302 1060 356 quisque
1088 303 1190 344 vicis
1220 301 1481 356 urbibusque

128 365 209 406 buc
256 364 333 419 ipsi
376 366 636 406 concurrunt
681 363 732 403 ad
772 361 949 403 delenda
994 362 1205 415 praesidia
1244 362 1479 403 Persarum.

125 424 204 473 Qui
241 424 379 464 territi
412 426 554 464 tamen
587 437 704 477 spem
740 421 947 462 retinendi
983 421 1226 477 Aegyptum
1261 436 1343 462 non
1379 420 1478 461 omi·
1520 438 1535 462 5

55 497 94 526 31
130 487 286 524 serunt.
352 483 434 524 Sed
467 497 538 524 eos
572 482 783 536 Amyntas
810 481 973 536 proelio
1001 484 1222 536 superatos
1256 481 1298 522 in
1334 479 1479 521 urbem

127 542 330 597 conpellit
382 543 617 596 castrisque
669 541 820 595 positis
872 540 1055 582 victores
1112 541 1163 582 ad
1217 538 1481 595 populandos

126 616 263 655 agros.
328 601 458 644 Velut
497 602 539 642 in
580 600 718 642 medio
752 599 905 655 positis
946 600 1068 642 bonis
1102 600 1291 641 hostium
1331 602 1482 641 cuncta

56 675 99 705 32
128 662 380 716 agebantur:
414 662 558 716 itaque
592 660 795 706 Mazaces.
831 674 1089 714 quamquam
1125 659 1284 701 infelici
1318 658 1480 714 proelio

128 736 301 763 suorum
325 721 490 762 animos
511 721 684 762 territos
712 735 801 761 esse
829 722 1099 774 cognoverat,
1128 722 1269 760 tamen
1291 719 1482 773 palantes
1503 736 1536 760 ιο

128 784 169 822 et·
216 781 418 822 victoriae
470 780 625 821 fiducia
670 781 864 820 incautos
910 782 1128 820 ostentans
1176 778 1380 833 perpulit,
1430 792 1482 819 ne

127 841 373 882 dubitarent
405 856 456 881 ex
483 839 586 881 urbe
614 854 834 893 erumpere
867 841 909 880 et
940 853 1005 879 res
1033 840 1208 880 amissas
1236 838 1480 892 reciperare.

55 912 98 942 33
126 899 173 941 Id
224 900 451 941 consilium
503 914 589 940 non
640 899 803 940 ratione
849 898 1102 953 prudentius
1154 913 1281 952 quam
1328 899 1480 939 eventu

127 961 292 1001 felicius
334 961 434 1001 fuit:
478 959 529 1000 ad
572 974 703 1000 unum
745 972 892 999 omnes
934 971 1027 999 cum
1072 959 1165 1012 ipso
1208 957 1313 1000 duce
1353 957 1480 998 occisi

126 1022 235 1061 sunt.
299 1019 389 1060 Has
421 1034 580 1073 poenas
617 1019 825 1072 Amyntas
859 1017 1029 1071 utrique
1061 1017 1149 1073 regi
1185 1017 1311 1070 dedit,
1345 1016 1480 1058 nihilo
1504 1033 1536 1057 ιε,

126 1080 261 1135 magis
294 1079 344 1132 ei,
377 1079 430 1120 ad
458 1093 583 1133 quem
612 1078 915 1133 transfugerat,
947 1077 1057 1118 fidus
1085 1092 1211 1131 quam
1246 1076 1321 1131 illi,
1355 1090 1479 1131 quem

126 1139 379 1180 deseruerat.

54 1210 98 1240 ³4
215 1199 343 1240 Darei
375 1201 609 1253 praetores,
648 1197 720 1251 qui
760 1197 920 1251 proelio
961 1196 1073 1250 apud
1105 1195 1225 1237 Isson
1266 1194 1525 1249 supeffue-ffss

128 1261 234 1312 rant,
268 1272 363 1299 cum
398 1257 514 1299 omni
549 1271 687 1309 manu,
721 1271 826 1311 quae
852 1256 1068 1311 fugientes
1102 1258 1245 1297 secuta
1279 1258 1379 1308 erat,
1413 1254 1481 1296 ad-

125 1322 296 1373 sumpta
329 1318 456 1359 etiam
491 1316 788 1371 Cappadocum
825 1318 866 1357 et
900 1314 1224 1371 Paphlagonum
1261 1314 1480 1355 iuventute
1502 1330 1536 1356 20

55 1390 96 1419 35
127 1377 300 1432 Lydiam
356 1378 588 1431 reciperare
639 1375 916 1430 temptabant.
998 1374 1260 1429 Antigonus,
1312 1376 1481 1428 praetor

127 1437 378 1489 Alexandri,
418 1436 579 1491 Lydiae
611 1438 821 1490 praeerat:
856 1435 928 1488 qui
963 1449 1220 1488 quamquam
1254 1433 1480 1488 plerosque

126 1496 312 1538 militum
347 1512 395 1538 ex
430 1495 653 1550 praesidiis
687 1495 739 1536 ad
772 1509 913 1550 regem
950 1494 1180 1547 dimiserat,
1212 1496 1355 1535 tamen
1391 1492 1480 1533 bar-

125 1556 240 1597 baris
274 1556 428 1610 spretis
462 1557 506 1597 in
539 1555 672 1597 aciem
706 1569 804 1596 suos
838 1554 997 1595 eduxit.
1061 1552 1219 1594 Eadem
1258 1552 1344 1594 illic
1379 1568 1482 1606 quo-

126 1631 206 1670 que
248 1616 421 1656 fortuna
465 1616 650 1669 partium
690 1613 787 1655 fuit:
837 1613 976 1654 tribus
1017 1612 1192 1667 proeliis
1231 1613 1313 1654 alia
1353 1615 1479 1666 atque
1502 1627 1535 1652 25

55 1688 99 1718 3ss
127 1675 210 1717 alia
238 1676 410 1731 regione
432 1674 670 1716 commissis
694 1673 844 1714 Persae
871 1673 1119 1714 funduntur.
1185 1671 1345 1713 Eodem
1376 1674 1478 1712 tem-

223 1774 235 1802 1
264 1768 406 1803 Potitus
428 1768 661 1802 Vimlelinns:
689 1766 832 1810 potitur
847 1769 884 1798 A.
981 1765 1198 1810 Memphim]
1220 1764 1481 1808 memphyml’,

126 1816 288 1861 memphi
315 1820 354 1849 V.
440 1815 582 1859 copias]
610 1814 728 1858 copiis
754 1817 779 1846 L
802 1826 844 1847 m.
862 1825 919 1857 pr.
948 1816 972 1846 Β
1002 1825 1117 1857 1η.μν.
1146 1809 1317 1856 Ρ’111.μν.
1400 1823 1482 1855 pro-

125 1864 239 1898 movit
259 1867 290 1897 1:
314 1863 523 1908 praemouit
542 1866 580 1895 A.
658 1866 676 1895 2
700 1861 874 1906 Aegyptii
897 1864 928 1894 1:
958 1860 1111 1905 aegypti
1132 1863 1160 1893 A
1181 1859 1338 1905 [aegipti
1362 1860 1414 1904 Pl.

124 1912 229 1957 gens]
257 1922 368 1954 genes
396 1915 421 1944 F
448 1923 490 1945 m.
518 1922 572 1954 pr.
703 1913 721 1941 3
749 1908 921 1950 gerendis
948 1908 1086 1953 aptior]
1122 1907 1419 1951 gerendiraptior
1444 1909 1480 1942 Ρ.

125 1960 296 2003 gerendis
325 1958 468 2002 captior
494 1962 531 1999 F,
559 1956 895 2000 gerendi*saptior
921 1959 955 1988 L.
1038 1955 1193 1998 quisquc·
1222 1958 1253 1987 1:
1282 1954 1419 1997 quiqu(-
1441 1957 1479 1986 A.

125 2011 143 2040 4
173 2008 241 2041 hu(-
264 2006 335 2051 ipsi
355 2007 500 2050 scripsi:
528 2005 597 2039 hoc
619 2005 737 2048 ipsum
759 2007 798 2037 A.
875 2008 894 2035 5
917 2003 1143 2047 Aegyptum]
1166 2002 1356 2046 aegiptum
1379 2005 1415 2034 F.

125 2055 343 2099 omiserunt]
383 2054 605 2088 omisserunt
647 2055 749 2084 BFP.
898 2055 917 2085 6
959 2052 1138 2094 Amyntas
1170 2053 1211 2082 P:
1252 2049 1411 2083 amintas
1448 2052 1479 2081 C.

124 2106 145 2136 8
172 2103 304 2146 positis
331 2101 437 2135 bonis
469 2101 618 2144 scripsi:
653 2099 783 2143 posit-is
812 2098 868 2131 dis
895 2101 1003 2139 FBV,
1037 2096 1249 2141 positisedis
1276 2100 1319 2131 L.
1353 2096 1480 2140 positi-

125 2149 181 2183 dis
208 2154 232 2183 P
262 2163 302 2183 m.
323 2162 378 2193 μν.
461 2153 480 2182 9
509 2148 675 2182 Mazaces
702 2150 727 2179 L
756 2159 797 2180 m.
814 2159 871 2189 pr.
893 2149 935 2185 P,
963 2156 1126 2179 mazeces
1153 2147 1261 2177 Brv.
1348 2148 1388 2178 10
1415 2155 1478 2188 pa—

124 2197 260 2243 lantes]
276 2196 480 2241 palentesV
497 2206 608 2240 m.1›r.
686 2198 726 2228 11
743 2194 951 2239 ostentans]
966 2194 1158 2227 ostensans
1167 2195 1206 2225 V.
1287 2195 1327 2224 15
1343 2192 1478 2234 Amyn—

125 2246 197 2288 tas!
226 2244 385 2278 amintas
407 2248 474 2277 LP.
561 2247 604 2276 20
628 2241 925 2286 Paphlagonum]
946 2240 1209 2284 paphagonuni
1233 2243 1267 2272 P.
1344 2244 1384 2272 21
1412 2238 1476 2282 Ly-

125 2293 241 2338 diam]
270 2292 398 2326 lidiam
427 2296 458 2325 c.
577 2294 620 2324 22
647 2289 802 2333 Lydiae]
831 2288 943 2322 lidiae
971 2292 1004 2321 c.
1110 2291 1152 2321 *25
1181 2286 1360 2332 partium]
1396 2298 1479 2331 par-

124 2340 219 2374 cium
247 2343 282 2373 P.
389 2344 431 2373 26
461 2336 682 2383 commissis]
710 2335 895 2372 commisis
922 2339 956 2368 P.
