1610 2522
58 201 101 229 23

59 436 101 466 2⁴

134 80 215 120 124
632 83 671 120 Q.
700 78 845 113 CUlt'rl
873 79 985 113 RUFI

130 187 270 229 minus
304 187 550 242 praecipitis
591 191 717 242 atque
751 188 869 228 ardui
906 205 981 229 —:
1020 188 1164 242 itaque
1196 187 1365 230 refectis
1392 186 1487 229 cibo

131 261 368 300 somnoque
409 246 620 288 militibus
654 247 837 288 secunda
870 247 1017 302 vigilia
1049 247 1197 302 surgit.
1261 246 1319 288 Et
1351 249 1490 288 cetera

131 306 301 360 quidem
323 306 436 347 haud
467 321 590 362 aegre
618 306 834 360 praeterit,
855 310 1053 360 ceterum,
1086 322 1167 361 qua
1202 322 1245 349 se
1279 306 1488 347 montium

130 366 276 420 iugum
317 365 521 419 paulatim
561 366 613 406 ad
655 366 846 420 planiora
889 366 1095 419 demittit,
1143 367 1292 421 ingens
1330 379 1490 421 vorago

131 439 337 466 concursu
372 429 519 466 cavata
558 426 811 466 torrentium
850 426 931 467 iter
975 429 1158 480 ruperat.
1222 425 1288 466 Ad
1315 425 1397 466 hoc
1429 439 1489 466 ar·
1529 444 1546 470 5

132 484 283 525 borum
311 485 417 525 rami
450 484 559 526 alius
593 485 677 525 alio
712 485 901 539 inplicati
938 490 980 526 et
1013 484 1286 527 cohaerentes
1319 487 1367 525 ut
1401 499 1491 538 per-

131 547 303 598 petuam
345 543 589 585 obiecerant
633 559 814 599 saepem.
878 544 1131 598 Desperatio
1167 544 1298 600 igitur
1331 544 1492 598 ingens,

86 614 98 630 ¹·
131 603 236 643 adeo
270 607 316 644 ut
349 604 417 643 vix
452 602 641 645 lacrimis
662 603 936 657 abstinerent,
968 605 1209 646 incesserat.
1260 602 1492 657 Praecipue

134 662 372 703 obscuritas
406 663 558 705 terrori
592 666 705 704 erat:
739 678 835 704 nam
856 664 984 705 etiam
1017 663 1049 704 si
1082 679 1165 718 qua
1198 662 1335 704 sidera
1366 663 1491 704 inter-

133 722 342 773 nitebaut,
381 723 617 763 continenti
664 723 814 764 fronde
852 725 989 764 tectae
1029 723 1200 764 arbores
1245 722 1548 776 conspicerem

133 781 430 835 prohibebant.
482 781 548 822 Ne
575 782 742 823 aurium
777 781 947 836 quidem
980 797 1080 823 usus
1115 785 1332 836 supererat
1366 781 1492 822 silvas

135 841 353 894 quatiente
399 844 548 894 vento,
591 842 664 895 qui
711 842 1063 883 concurrentibus
1108 841 1237 882 ramis
1288 841 1491 882 maiorem

135 915 261 954 quam
295 915 373 954 pro
407 901 513 941 flatu
545 915 698 942 sonum
732 901 892 943 edebat.
944 900 1132 942 Tandem
1167 903 1387 954 expectata
1420 900 1493 941 lux

134 959 289 1013 omnia,
322 975 430 1014 quae
462 961 722 1002 terribiliora
755 975 839 1002 nox
871 962 1040 1014 fecerat,
1072 961 1245 1002 minuit:
1279 959 1495 1002 circumiri

135 1019 250 1060 brevi
282 1021 420 1073 spatio
447 1023 616 1074 poterat
644 1020 815 1075 eluvies,
849 1023 890 1061 et
911 1020 993 1061 sibi
1015 1021 1195 1074 quisque
1217 1019 1300 1060 dux
1328 1019 1494 1060 itineris
1517 1038 1549 1064 15

135 1083 332 1132 coeperat
370 1079 473 1120 fieri.
536 1079 738 1121 Evadunt
775 1094 876 1135 ergo
911 1080 954 1120 in
987 1079 1147 1120 editum
1182 1080 1401 1120 verticem:
1444 1092 1495 1120 ex
1517 1084 1569 1119 16

135 1152 219 1191 qno
253 1138 440 1180 hostium
477 1139 660 1180 statione
693 1142 921 1194 conspecta
951 1142 1122 1180 strenue
1154 1139 1304 1180 armati
1328 1154 1352 1179 a
1372 1143 1493 1204 tergo

135 1212 178 1237 se
218 1198 450 1240 ostendunt
487 1198 596 1240 nihil
642 1199 726 1240 tale
766 1198 1066 1240 metuentibus.
1129 1197 1314 1246 Quorum
1358 1197 1495 1252 pauci,

87 1272 105 1294 υ
135 1257 208 1311 qui
241 1257 443 1313 congredi
477 1258 568 1299 ausi
602 1261 741 1312 er,ant
780 1258 889 1299 caesi
923 1261 1032 1299 sunt.
1095 1258 1243 1312 ltaque
1276 1258 1374 1298 11111(
1408 1271 1495 1298 1110-

134 1294 349 1358 rientiumo
376 1318 578 1371 gemitus,
623 1317 723 1359 hinc
761 1318 812 1358 ad
851 1332 951 1359 suos
985 1318 1290 1359 recurrentium
1326 1318 1495 1358 misera·
1514 1335 1551 1361 20

136 1376 234 1416 bilis
272 1376 403 1418 facies
446 1377 635 1433 integros
669 1392 857 1431 quoque,
898 1380 1124 1432 antequam
1170 1377 1395 1418 discrimen
1428 1391 1494 1417 ex—

88 1449 96 1475 1
136 1437 390 1490 perirentur,
416 1435 459 1477 in
487 1436 633 1492 fugam
661 1437 827 1479 avertit.
879 1436 1070 1478 Fremitu
1099 1436 1248 1478 deinde
1275 1437 1317 1476 in
1346 1439 1495 1488 castra,

136 1496 229 1547 quis
270 1496 470 1537 Craterus
516 1496 803 1550 praesidebat,
845 1496 977 1537 inlato
1021 1496 1072 1536 ad
1115 1496 1383 1550 occupandas
1427 1510 1495 1536 an-

135 1555 318 1610 gustias,
370 1556 412 1596 111
460 1556 616 1609 quibus
663 1556 800 1610 pridie
838 1556 1080 1608 haeserant,
1121 1555 1242 1597 miles
1289 1555 1494 1596 educitur.

136 1614 271 1655 Simul
323 1618 364 1656 et
407 1614 600 1656 Philotas
643 1630 738 1656 cum
781 1615 1093 1669 Polyperconte
1139 1615 1411 1669 Amyntaque
1453 1617 1494 1654 et
1514 1633 1549 1658 εδ

137 1674 278 1714 Coeno
313 1674 522 1715 diversum
559 1675 639 1716 iter
671 1675 837 1729 ingredi
871 1675 1010 1716 iussus
1032 1675 1162 1715 alium
1196 1677 1400 1715 terrorem
1434 1674 1493 1714 in-

136 1732 237 1774 tulit
281 1733 486 1774 barbaris.
549 1733 749 1788 Undique
791 1748 892 1789 ergo
926 1734 1205 1775 Macedonum
1249 1733 1378 1774 armis
1415 1733 1494 1774 ful-

136 1793 335 1848 gentibus
386 1794 561 1847 ancipiti
615 1793 726 1834 malo
780 1793 971 1848 oppressi
1025 1793 1301 1834 memorabile
1352 1795 1494 1833 tamen

136 1852 345 1906 proelium
385 1851 526 1893 edunt.
578 1852 638 1893 Ut
671 1853 834 1906 opinor,
866 1853 1079 1908 ignaviam
1113 1866 1283 1906 quoque
1316 1852 1493 1892 necessi—

89 1931 96 1936 ·
140 1915 202 1952 tas
244 1912 375 1963 acuit,
420 1915 461 1952 et
503 1926 627 1965 saepe
661 1912 898 1966 desperatio
938 1912 1025 1965 spei
1070 1925 1196 1953 causa
1240 1915 1314 1951 est.
1378 1910 1493 1951 Nudi
1514 1928 1550 1954 30

233 2010 252 2039 ὃ
279 2005 396 2051 haud]
424 2005 494 2039 aud
523 2008 548 2037 P
574 2017 618 2039 m.
643 2017 698 2048 μν.
835 2004 960 2050 aegre]
994 2015 1103 2049 egnare
1130 2007 1165 2037 P.
1306 2007 1347 2037 10
1376 2004 1493 2038 conti-

138 2053 257 2099 nenti]
286 2052 500 2087 continendi
528 2055 553 2085 P
576 2065 617 2086 m.
634 2064 692 2096 pr.
811 2051 939 2086 frondi¹
966 2055 998 2086 1:
1027 2052 1203 2085 fronteA
1208 2079 1213 2084 .
1333 2056 1374 2084 12
1403 2062 1491 2095 qua-

136 2101 269 2146 tiente]
303 2100 499 2144 quaciente
532 2103 604 2133 PV.
755 2103 795 2134 13
829 2099 964 2134 edebat
999 2099 1229 2133 11'':›1‹Ielmus
1265 2098 1426 2133 edebant
1453 2101 1497 2134 ὼ

138 2153 180 2181 1.-’1
217 2149 377 2193 poterat]
416 2149 580 2192 porterat
615 2151 651 2180 P.
801 2151 842 2181 16
879 2147 1069 2192 verticem]
1107 2146 1274 2180 uirticem
1309 2150 1334 2179 P
1365 2159 1407 2180 m.
1433 2158 1491 2190 pr.

137 2200 174 2229 *21
209 2196 338 2241 facies]
372 2195 482 2229 faties
515 2199 557 2237 L,
594 2194 685 2229 sacis
712 2198 750 2227 V.
899 2199 941 2227 223
970 2188 1118 2237 deind‘o]
1158 2194 1277 2227 dende
1310 2196 1336 2226 B
1368 2206 1410 2228 m.
1432 2205 1491 2237 pr.

137 2249 179 2276 :34
209 2243 331 2289 miles]
361 2242 482 2277 milles
506 2246 540 2275 P.
626 2246 668 2276 ‘25
696 2241 966 2286 Polyperconte
986 2245 1019 2275 1:
1048 2241 1301 2286 poliperconte
1328 2245 1361 2281 C,
1388 2241 1493 2285 1101)--

137 2292 336 2335 pert-houm
352 2294 386 2323 P.
451 2290 705 2335 Amyntaque]
721 2289 935 2333 amintaque
951 2294 982 2323 c.
1054 2293 1097 2322 30
1113 2288 1228 2334 acuit]
1243 2288 1365 2323 accuit
1379 2292 1418 2322 V.

138 2338 364 2384 desperatio]
392 2337 617 2382 diesperatio
645 2341 670 2370 P
691 2349 721 2371 m
739 2349 797 2381 pr.
