1610 2522
345 79 677 114 HISTORJARUM
705 77 987 112 ALEXANDRI
1016 77 1126 116 VIIII,
1154 82 1184 110 3.
1357 76 1441 117 319

86 189 237 243 putria.
301 188 389 229 Iam
435 187 519 230 tela
563 188 731 229 hebetia
776 190 892 240 sunt,
937 187 1019 227 iam
1067 201 1184 227 arma
1229 185 1441 226 deficiunt.

85 248 259 290 Vestem
293 248 505 289 Persicam
549 247 705 301 induti,
750 248 850 300 quia
883 246 1113 287 domestica
1145 244 1324 286 subvehi
1355 260 1441 285 non

85 310 244 362 potest,
295 309 338 348 in
383 310 605 348 externum
650 306 997 362 degeneravimus
1043 306 1216 347 cultum.
1301 303 1441 353 Quoto
1471 316 1511 346 11

86 369 238 421 cuique
272 366 403 409 lorica
448 367 539 408 est?
585 366 680 420 quis
726 380 880 420 equum
926 364 1085 405 habet?
1136 363 1239 405 [ube
1285 364 1442 418 quaeri,

49 444 64 468 5
86 442 213 480 quam
247 426 404 468 multos
438 426 546 467 servi
576 425 765 480 ipsorum
794 424 1001 479 persecuti
1031 424 1128 477 sint,
1162 424 1263 477 quid
1290 424 1442 477 cuique

87 487 271 540 supersit
304 500 353 526 ex
385 486 549 540 praeda.
614 484 814 526 Omnium
853 485 1036 526 victores
1071 484 1261 525 omnium
1296 483 1443 536 inopes

86 560 242 586 sumus.
296 544 388 587 Nec
419 545 589 586 luxuria
621 545 875 595 laboramus,
909 543 981 585 sed
1014 543 1127 585 bello
1161 544 1444 583 instrumenta

86 605 186 646 belli
219 605 573 658 consumpsimus.
623 603 749 644 Hunc
775 607 822 644 tu
848 602 1184 657 pulcherrimum
1211 603 1442 643 exercitum
1472 614 1513 644 12

85 664 244 704 nudum
286 664 442 705 obicies
483 663 646 705 beluis?
704 662 892 712 Quarum
930 665 977 703 ut
1016 661 1333 703 multitudinem
1375 677 1444 702 au-

33 741 65 765 10
86 726 214 777 geant
248 723 297 764 de
330 723 538 764 industria
569 722 753 775 barbari,
785 736 988 777 magnum
1019 725 1161 762 tamen
1186 736 1275 762 esse
1301 736 1444 762 nume-

87 798 180 824 rum
220 783 347 824 etiam
387 797 437 823 ex
476 783 694 823 mendacio
734 783 948 837 intellego.
1013 780 1173 830 Quodsi
1205 780 1344 822 adhuc
1376 795 1444 834 pe-
1473 792 1513 822 13

85 845 251 883 netrare
290 842 332 882 in
365 840 531 883 Indiam
565 846 728 882 certum
762 844 844 894 est,
887 842 1005 895 regio
1039 855 1063 881 a
1093 840 1269 881 meridie
1304 841 1443 881 minus

85 905 205 943 vasta
237 904 317 942 est:
352 916 435 955 qua
467 901 642 942 subacta
674 900 822 942 licebit
854 901 1073 941 decurrere
1106 901 1149 941 in
1183 899 1289 941 illud
1317 914 1443 953 mare,

88 961 202 1014 quod
234 961 359 1002 rebus
386 960 583 1002 humanis
611 961 839 1002 terminum
866 960 1004 1001 voluit
1031 974 1121 1000 esse
1147 962 1309 1000 natura.
1360 958 1445 999 Cur
1472 970 1515 1000 14

32 1038 64 1063 15
85 1021 265 1062 circuitu
309 1021 418 1074 petis
462 1020 661 1075 gloriam,
706 1034 813 1074 quae
858 1019 908 1059 ad
955 1034 1126 1060 manum
1171 1019 1313 1072 posita
1351 1018 1443 1058 est?

85 1079 168 1120 Hic
201 1094 370 1134 quoque
404 1080 588 1121 occurrit
621 1078 824 1120 Oceanus.
875 1078 971 1120 Nisi
1004 1078 1138 1119 mavis
1173 1092 1322 1131 errare,
1353 1093 1443 1131 per-

85 1139 296 1192 venimus,
341 1154 424 1193 quo
469 1142 543 1180 tua
580 1139 753 1180 fortuna
791 1138 918 1179 ducit.
981 1137 1098 1178 Haec
1141 1140 1281 1178 tecum
1317 1152 1443 1191 quam
1473 1149 1514 1179 15

86 1199 175 1239 sine
214 1201 253 1239 te
294 1213 388 1240 cum
427 1198 492 1239 his
525 1199 643 1252 loqui
676 1198 826 1250 malui,
869 1212 956 1238 non
988 1198 1051 1238 uti
1084 1197 1233 1239 inirem
1270 1197 1442 1238 circum-

87 1259 238 1299 stantis
284 1259 493 1299 exercitus
538 1258 738 1313 gratiam,
783 1257 854 1298 sed
899 1259 947 1297 ut
990 1271 1139 1298 vocem
1174 1258 1442 1310 loquentium

16 1320 63 1355 13
86 1318 228 1371 potius
282 1332 409 1371 quam
454 1318 659 1372 gemitum
704 1316 1063 1357 murmurantium
1109 1316 1303 1357 audires.5
1385 1315 1444 1357 Ut
1473 1326 1514 1357 16

33 1394 65 1418 21
86 1377 214 1417 finem
253 1377 434 1417 orationi
469 1376 636 1418 Coenus
676 1376 884 1430 inposuit,
928 1377 1087 1416 clamor
1130 1375 1315 1428 undique
1349 1389 1443 1416 eum

86 1435 257 1490 ploratu
295 1436 430 1477 oritur
468 1451 630 1491 regem,
674 1439 854 1489 patrem,
900 1435 1118 1476 dominum
1153 1435 1342 1476 confusis
1375 1450 1443 1488 ap-

88 1496 339 1548 pellantium
372 1496 559 1537 vocibus.
609 1494 782 1549 Iamque
812 1498 853 1536 et
880 1495 952 1535 alii
979 1495 1106 1536 duces
1132 1495 1443 1549 praecipueque
1474 1505 1514 1535 17

88 1555 293 1607 seniores,
338 1555 434 1608 quis
473 1555 527 1596 ob
561 1558 743 1595 aetatem
777 1557 818 1595 et
851 1554 1066 1595 excusatio
1100 1553 1322 1595 honestior
1354 1556 1444 1594 erat

35 1630 66 1655 25
88 1616 130 1655 et
161 1614 393 1655 auctoritas
426 1616 571 1667 maior,
604 1614 748 1655 eadem
774 1614 1066 1668 precabantur.
1117 1612 1195 1654 Ille
1220 1627 1297 1654 nee
1323 1612 1445 1653 casti·
1473 1624 1514 1654 18

89 1687 188 1728 gare
216 1672 454 1714 obstinatos
473 1688 552 1715 nec
572 1674 760 1727 mitigari
781 1675 947 1727 poterat
970 1673 1120 1714 iratus:
1158 1674 1300 1725 itaque
1321 1672 1444 1726 inops

89 1732 257 1773 consilii
279 1732 450 1774 desiluit
471 1747 521 1773 ex
542 1732 747 1774 tribunali
775 1732 998 1786 claudique
1019 1733 1181 1787 regiam
1207 1731 1333 1772 iussit
1360 1746 1445 1772 om-

88 1791 214 1832 nibus
253 1794 418 1845 praeter
458 1792 656 1833 adsuetos
689 1792 805 1832 adire
838 1791 1076 1845 prohibitis.
1141 1791 1326 1832 Biduum
1360 1791 1445 1831 irae
1474 1803 1515 1832 19

187 1914 201 1942 1
232 1908 382 1943 hebetia
409 1911 435 1941 B
461 1921 506 1943 m.
529 1920 611 1944 sec:
646 1908 771 1943 ebetia
797 1911 836 1941 A.
961 1912 980 1942 2
1008 1907 1132 1942 induti
1160 1908 1362 1942 Isim-hius:
1390 1907 1445 1940 in—

90 1956 173 1990 duit
208 1960 250 2000 P,
286 1956 392 1990 indui
420 1961 458 1999 c,
495 1957 535 1990 ivn
571 1957 733 2001 margine
772 1956 924 1990 additur
961 1967 1043 1989 mus
1079 1956 1133 1990 vel
1160 1960 1211 1989 ·Λ·
1245 1955 1445 1988 induimus.

90 2007 110 2037 4
137 2004 237 2049 iube]
266 2004 370 2038 iubet
390 2008 424 2037 P.
501 2008 520 2038 ὅ
547 2004 623 2037 sint
646 2004 855 2048 Zumptius:
885 2005 970 2036 sunt
990 2006 1029 2036 A.
1105 2002 1195 2046 quid
1218 2002 1442 2037 Frobemtus:

91 2051 190 2094 quod
205 2054 243 2085 A.
307 2054 327 2085 8
347 2052 407 2097 tu]
419 2053 455 2085 te
471 2055 503 2085 C.
569 2055 609 2084 11
631 2051 841 2096 mendacio]
857 2050 1047 2084 mendatio
1062 2053 1168 2084 LPV.
1236 2054 1276 2083 13
1299 2049 1441 2095 licebit]

90 2097 228 2132 h'cebat
254 2103 279 2132 P
305 2111 348 2133 m.
372 2111 421 2143 pt·
508 2103 550 2132 15
579 2098 750 2144 circuitu]
779 2099 881 2132 cuitu
902 2101 927 2130 B
949 2110 992 2131 m.
1009 2110 1068 2142 pr.
1146 2101 1188 2131 18
1217 2097 1315 2142 011111]
1343 2108 1387 2130 011
1407 2101 1441 2131 P.

94 2148 135 2178 19
169 2146 342 2192 gratiam]
376 2146 543 2190 graciam
575 2150 611 2180 F.
736 2150 777 2179 21
813 2145 955 2180 Coenus
989 2145 1125 2180 Aldus:
1158 2155 1299 2189 poenus
1332 2148 1371 2177 A.

92 2191 245 2238 clamor]
273 2193 368 2227 clam
394 2198 421 2226 F
446 2205 490 2227 m.
507 2206 566 2238 pr.
672 2197 716 2226 24
744 2193 804 2239 ob]
833 2193 879 2227 ab
905 2195 967 2225 BF
987 2204 1031 2226 m.
1050 2204 1107 2236 pr.
1129 2196 1164 2225 P.
1275 2195 1317 2225 ‘26
1345 2191 1443 2225 miti-

92 2240 171 2284 gari
206 2241 406 2275 Kinchius:
440 2240 615 2285 mitigare
649 2245 680 2282 G,
715 2241 881 2285 migssare
914 2244 948 2273 P.
1097 2239 1230 2284 iratus]
1264 2239 1378 2272 iratos
1412 2243 1443 2272 C.

93 2291 135 2320 27
165 2299 207 2321 ex
233 2289 377 2332 scripsi:
406 2290 443 2322 et
468 2292 505 2331 P,
533 2300 551 2322 e
578 2292 611 2322 c.
711 2287 924 2333 claudique]
953 2287 1128 2330 cludique
1156 2291 1191 2319 P.
1310 2290 1353 2320 23
1381 2286 1443 2320 ad-

92 2334 160 2380 ire]
188 2335 317 2368 adhire
342 2339 378 2370 P.
