1610 2522
46 770 79 794 10

46 1067 78 1091 15

46 1363 78 1387 20

340 108 674 143 HISTORIARUM
700 108 984 142 ALEXANDRI
1010 109 1105 150 VIII,
1132 112 1164 141 4.
1186 113 1215 142 5.
1367 108 1451 150 269

99 222 231 272 turus,
264 218 336 272 qui
370 218 602 258 victoribus
631 218 869 271 imperaret.
920 217 1113 259 Pudebat
1139 218 1298 259 amicos
1326 232 1452 272 super
1480 229 1523 259 30

97 279 243 319 vinum
278 281 318 318 et
351 278 497 332 epulas
528 291 720 318 socerum
747 292 797 318 ex
825 277 979 318 deditis
1006 292 1095 318 esse
1123 277 1346 330 delectum,
1380 277 1453 318 sed

98 339 196 390 post
229 336 329 378 Cliti
363 337 530 378 caedem
564 337 759 377 libertate
792 336 961 378 sublata
992 337 1126 390 vultu,
1164 337 1236 391 qui
1270 336 1452 377 maxime

99 398 239 447 servit,
271 396 628 437 adsentiebantur.

189 454 384 497 Ceterum
429 455 592 496 Indiam
638 459 678 496 et
724 456 819 496 inde
861 454 1075 496 Oceanum
1120 456 1352 510 petiturus,
1397 471 1448 496 ne
1469 460 1500 493 V

99 515 200 568 quid
234 531 257 555 a
289 518 421 570 tergo,
460 515 573 568 quod
607 515 816 556 destinata
850 515 1039 569 inpedire
1071 518 1226 569 posset,
1268 530 1453 555 movere—

98 578 184 622 tur,
231 589 281 616 ex
325 575 522 615 omnibus
560 575 793 629 provinciis
827 587 921 615 xxx
960 575 1078 615 milia
1117 575 1332 616 iuniorum
1367 574 1453 629 legi

99 635 222 674 iussit
255 637 297 674 et
329 634 381 674 ad
413 649 455 674 se
486 637 648 675 armata
674 635 849 688 perduci
877 634 1046 675 obsides
1074 634 1201 675 simul
1227 634 1453 674 habiturus

99 697 140 734 et
172 693 341 734 milites.
406 693 625 735 Craterum
660 698 801 735 autem
841 694 893 735 ad
924 694 1238 748 persequendos
1272 693 1453 734 Hausta-
1481 706 1500 735 *2

98 768 181 793 nen
215 756 254 793 et
282 750 482 806 Catanen,
517 754 588 807 qui
619 753 671 794 ab
700 755 791 807 ipso
819 753 1070 805 defecerant,
1103 754 1238 794 misit:
1271 768 1453 806 quorum

98 811 339 853 Haustanes
373 816 520 867 captus·
554 816 628 866 est,
663 812 842 854 Catanes
876 813 920 853 in
951 814 1114 867 proelio
1149 814 1323 854 occisus.
1375 813 1453 854 Po-

98 872 300 926 lypercon
334 886 502 926 quoque
535 873 771 928 regionem,
806 887 913 927 quae
945 872 1170 914 Bubacene
1202 875 1453 926 appellatur,

99 933 142 972 in
176 931 385 973 dicionem
418 932 592 986 redegit.
655 931 804 986 Itaque
844 932 1041 973 omnibus
1075 932 1308 986 conpositis
1341 932 1453 986 cogi-
1482 944 1501 974 3

99 991 283 1032 tationes
316 992 360 1032 in
392 991 550 1033 bellum
584 990 777 1033 Indicum
812 992 952 1032 vertit.
1015 991 1144 1033 Dives
1177 993 1295 1046 regio
1329 991 1454 1032 habe-

98 1050 224 1091 batur
256 1064 341 1091 non
374 1066 475 1092 auro
509 1051 648 1104 modo,
682 1051 755 1092 sed
782 1052 960 1106 gemmis
996 1066 1167 1105 quoque
1194 1051 1454 1106 margaritis-

100 1124 192 1163 que,
225 1110 277 1150 ad
308 1111 457 1151 luxum
483 1111 620 1166 magis
648 1126 774 1164 quam
802 1111 854 1152 ad
883 1111 1245 1166 magnificentiam
1273 1113 1452 1153 exculta.

98 1168 231 1210 Periti
282 1170 468 1210 militum
518 1184 583 1211 res
629 1185 732 1211 auro
778 1173 819 1211 et
865 1170 988 1212 ebore
1032 1172 1197 1225 fulgere
1240 1170 1453 1212 dicebant:
1481 1184 1501 1212 4

99 1229 255 1282 itaque,
286 1229 438 1270 necubi
465 1230 716 1283 vinceretur,
749 1244 842 1270 cum
871 1230 1020 1271 ceteris
1046 1233 1294 1284 praestaret,
1324 1230 1454 1271 scutis

98 1291 321 1344 argenteas
359 1288 557 1342 laminas,
601 1290 719 1343 equis
758 1289 902 1331 frenos
940 1304 1089 1331 aureos
1133 1289 1313 1343 addidit,
1356 1290 1454 1330 lori-

100 1362 168 1388 cas
207 1362 377 1402 quoque
416 1349 520 1389 alias
555 1364 675 1402 auro,
716 1349 821 1390 alias
854 1352 1032 1405 argento
1066 1350 1300 1390 adornavit.
1365 1360 1454 1390 cxx

98 1406 218 1448 milia
249 1411 509 1449 armatorum
544 1411 680 1463 erant,
726 1423 832 1463 quae
865 1423 1009 1465 regem
1043 1409 1094 1449 ad
1126 1409 1169 1450 id
1203 1409 1358 1450 bellum
1396 1424 1454 1450 se-

101 1466 350 1520 quebantur.

188 1525 362 1580 Iamque
390 1528 586 1568 omnibus
613 1528 876 1581 praeparatis
896 1532 1024 1577 ratus,
1057 1528 1171 1581 quod
1198 1529 1299 1569 olim
1326 1543 1456 1582 prava
1483 1540 1501 1569 5

100 1587 241 1626 mente
273 1590 541 1640 conceperat,
579 1590 681 1628 tunc
713 1601 802 1628 esse
835 1591 1066 1641 maturum,
1110 1602 1293 1641 quonam
1328 1588 1453 1628 modo

47 1664 60 1685 ι
101 1646 301 1686 caelestes
322 1644 504 1687 honores
531 1650 765 1700 usurparet,
793 1647 934 1701 coepit
961 1648 1133 1702 agitare.
1184 1646 1296 1688 Iovis
1317 1648 1454 1688 filium

101 1718 185 1744 non
220 1704 301 1745 dici
334 1708 501 1747 tantum
535 1721 589 1757 se,
623 1706 695 1747 sed
728 1707 855 1747 etiam
885 1706 995 1747 credi
1024 1706 1204 1760 volebat,
1237 1710 1455 1760 tamquam

100 1763 275 1817 perinde
321 1765 473 1805 animis
513 1765 720 1819 imperare
758 1769 906 1819 posset
944 1780 992 1806 ac
1023 1766 1201 1821 linguis,
1246 1767 1455 1820 iussitque
1483 1778 1502 1808 6

101 1837 217 1864 more
250 1822 474 1865 Persarum
507 1824 759 1866 Macedonas
805 1825 1123 1867 venerabundos
1169 1826 1309 1879 ipsum
1348 1827 1456 1866 salu·

197 1944 215 1973 3
241 1939 344 1986 Cliti]
373 1940 463 1984 clyti
485 1944 622 1975 BFLP.
711 1946 727 1975 7
756 1942 971 1988 provinciis]
998 1942 1198 1986 prouintiis
1225 1946 1260 1976 P.
1335 1942 1455 1987 milia]

102 1998 168 2021 om.
190 1990 226 2020 B.
303 1991 322 2021 9
345 1990 468 2022 autem
487 1992 528 2022 P:
557 2000 622 2023 om.
646 1992 676 2022 C.
754 1992 796 2022 10
825 1989 990 2024 Catanen
1012 1990 1211 2024 Kinchius:
1240 1991 1394 2024 catenen
1415 1994 1455 2024 A.

104 2039 143 2068 11
168 2034 341 2080 Catanes]
363 2038 511 2070 catenes
534 2040 565 2070 C.
647 2036 879 2081 Polypercon
899 2041 932 2071 1:
959 2037 1174 2081 polipercon
1196 2041 1234 2070 A.
1315 2042 1356 2071 12
1385 2038 1457 2071 Bu-

101 2080 239 2116 bacene
266 2083 489 2118 Frobem‘zcs:
527 2083 743 2118 bubacenen
775 2088 813 2118 A.
944 2089 986 2118 13
1021 2084 1193 2119 dicionen
1219 2088 1244 2117 B
1274 2098 1315 2118 m.
1345 2097 1408 2120 sec,
1431 2089 1456 2118 L

102 2140 146 2162 m.
168 2141 243 2173 μνη
272 2130 451 2165 ditionem
478 2134 516 2164 A.
619 2135 659 2164 14
686 2131 871 2177 Indicum}
898 2132 1086 2166 inclic*um
1112 2136 1147 2165 P.
1249 2137 1290 2166 16
1319 2132 1381 2177 ad]
1409 2132 1455 2166 ab

102 2179 127 2208 P
150 2188 191 2210 m.
208 2188 266 2220 pr.
397 2181 438 2212 17
465 2178 627 2212 militum
653 2190 710 2212 res
735 2180 880 2223 scripsi:
908 2179 1090 2214 militares
1117 2183 1156 2213 A.
1287 2179 1396 2214 ebore
1423 2184 1455 2214 1:

103 2223 214 2258 ebure
241 2227 278 2257 A.
357 2229 398 2259 19
426 2224 583 2260 laminas
612 2231 650 2259 c:
678 2226 821 2260 lamnas
848 2231 884 2260 Ρ.
961 2231 1004 2261 20
1033 2227 1125 2260 alias
1159 2228 1330 2272 argento]
1364 2227 1456 2261 alios

103 2273 257 2315 argento
278 2275 312 2305 P.
401 2277 442 2306 :21
472 2273 591 2318 milia]
613 2285 678 2308 om.
699 2277 735 2306 P.
823 2278 866 2307 23
893 2275 1126 2318 praeparatis
1153 2279 1281 2309 ratus
1307 2276 1455 2309 Freins-

102 2319 256 2352 hemius:
283 2320 516 2363 praeparatis
542 2324 580 2355 A.
691 2324 734 2354 24
762 2322 856 2366 esse]
883 2323 939 2355 est
964 2326 1002 2355 V.
1102 2325 1144 2356 27
1172 2322 1355 2365 iussitque
1383 2323 1454 2356 lee-

98 2367 203 2408 ,nutem
232 2366 359 2409 itaque
386 2371 423 2400 A.
