1610 2522
352 122 687 157 HISTORIARUM
714 123 997 158 ALEXANDRI
1025 124 1134 165 VIIII,
1164 129 1194 157 6.
1360 124 1442 165 331

94 231 188 272 dem
221 231 472 285 proditores,
504 231 682 273 totidem
711 231 944 273 desertores
972 247 1128 281 sumus,
1163 236 1268 286 quot
1294 236 1334 273 te
1361 247 1447 275 non

92 291 310 344 potuimus
343 292 551 345 persequi.
614 290 848 333 Universos
886 292 987 332 licet
1019 291 1177 332 milites
1210 292 1447 346 ignominia

94 352 232 402 notes,
276 365 400 391 nemo
441 350 653 392 recusabit
692 351 808 392 luere
849 351 908 405 id,
953 351 1067 405 quod
1105 365 1157 391 ne
1191 351 1447 406 admitteret,

93 412 308 462 praestare
340 424 425 450 non
456 409 610 465 potuit.
672 409 822 451 Patere
854 425 950 463 nos,
993 424 1169 464 quaeso,
1202 410 1286 451 alio
1320 410 1446 452 modo

57 485 71 510 5
93 482 182 509 esse
214 468 319 510 viles
352 469 442 510 tibi.
506 468 782 524 Quocumque
817 470 1000 523 iusseris,
1032 469 1202 511 ibimus.
1255 468 1445 511 Obscura

92 528 279 581 pericula
317 530 359 569 et
397 528 606 583 ignobiles
639 543 804 584 pugnas
836 529 962 570 nobis
996 530 1281 583 deposcimus:
1315 532 1445 571 temet

92 587 229 640 ipsum
264 587 316 627 ad
348 602 396 629 ea
427 602 558 641 serva,
598 603 704 642 quae
738 589 1076 644 magnitudinem
1109 591 1228 629 tuam
1262 590 1446 642 capiunt.

93 645 187 688 Cito
230 646 368 701 gloria
407 647 635 688 obsolescit
676 648 717 688 in
752 648 934 689 sordidis
967 648 1182 701 hostibus,
1223 663 1301 689 nec
1334 648 1445 702 quic<

92 719 218 758 quam
252 706 470 760 indignius
502 710 566 747 est
599 721 725 760 quam
759 708 953 748 consumi
985 722 1090 761 eam,
1129 707 1202 748 ubi
1233 721 1320 748 non
1352 722 1448 762 pos-

39 782 72 808 10
94 765 149 804 sit
192 765 386 806 ostendi.'
459 765 619 807 Eadem
661 766 747 808 fere
785 766 1060 808 Ptolomaeus
1102 770 1142 807 et
1186 767 1342 808 similia
1380 767 1447 808 his

92 825 231 865 ceteri.
294 823 468 878 Iamque
508 826 696 866 confusis
734 826 911 867 vocibus
943 826 1093 867 fientes
1127 841 1223 867 eum
1257 826 1447 879 orabant,

91 886 138 924 ut
175 884 346 924 tandem
380 899 430 925 ex
472 885 667 925 satietate
700 884 815 925 laudi
848 886 1020 927 modum
1053 886 1210 927 faceret
1244 900 1293 927 ac
1320 885 1448 927 saluti

20 947 68 982 25
91 957 190 983 suae
228 943 271 984 id
310 946 373 984 est
408 944 605 997 publicae
637 948 839 998 parceret.
903 944 1034 986 Grata
1067 949 1156 986 erat
1187 945 1277 999 regi
1310 946 1446 999 pietas

90 1002 342 1043 amicorum:
383 1003 526 1057 itaque
568 1003 759 1058 singulos
798 1004 1053 1045 familiarius
1095 1005 1316 1058 amplexus
1350 1020 1448 1045 con-

37 1079 70 1104 15
91 1061 226 1102 sidere
268 1062 386 1103 iubet
426 1062 639 1116 altiusque
681 1078 874 1104 sermone
915 1065 1117 1117 repetito:
1162 1064 1311 1104 ‘Vobis
1358 1065 1448 1118 qui-

91 1120 214 1175 dem',
243 1121 394 1175 inquit,
423 1122 462 1162 ‘o
488 1122 685 1163 fidissimi
712 1123 980 1177 piissimique
1007 1123 1165 1164 civium
1192 1127 1320 1177 atque
1346 1124 1448 1164 ami-

90 1193 253 1233 corum,
298 1184 438 1236 grates
484 1196 563 1237 ago
608 1181 832 1236 habeoque
873 1197 961 1223 non
999 1184 1138 1224 solum
1178 1197 1225 1224 eo
1262 1184 1448 1237 nomine,

91 1239 204 1292 quod
230 1239 358 1280 hodie
384 1241 563 1281 salutem
590 1256 726 1282 meam
753 1244 917 1282 vestrae
937 1243 1213 1296 praeponitis,
1241 1242 1313 1283 sed
1335 1242 1448 1296 quod

90 1312 113 1338 a
158 1299 404 1352 primordiis
443 1299 545 1341 beni
582 1303 747 1342 nullum
788 1315 888 1356 erga
926 1316 992 1342 me
1031 1301 1345 1343 benivolentiae
1386 1303 1448 1356 pi-

37 1376 70 1400 20
91 1372 198 1412 gnus
232 1362 360 1412 atque
387 1359 592 1401 indicium
619 1360 838 1414 omisistis,
870 1361 973 1402 adeo
1001 1364 1048 1401 ut
1075 1361 1364 1402 confitendum
1392 1362 1448 1402 sit

91 1431 324 1471 numquam
357 1419 464 1459 mihi
497 1420 629 1459 vitam
662 1434 798 1461 meam
831 1420 963 1461 fuisse
995 1423 1083 1461 tam
1117 1436 1275 1474 caram,
1320 1436 1448 1475 quam

91 1490 181 1516 esse
220 1477 377 1531 coepit,
422 1480 470 1518 ut
509 1478 630 1519 vobis
669 1478 740 1519 diu
776 1479 862 1520 frui
895 1480 1069 1533 possim.
1135 1479 1330 1521 Ceterum
1362 1495 1450 1521 non

92 1535 237 1576 eadem
275 1539 339 1577 est
378 1538 582 1592 cogitatio
617 1552 782 1591 eorum,
828 1540 900 1592 qui
932 1554 1008 1592 pro
1043 1554 1108 1579 me
1142 1539 1252 1580 mori
1285 1542 1448 1594 optant,

91 1597 133 1635 et
172 1610 282 1648 mea,
328 1597 401 1649 qui
430 1596 601 1649 pridem
643 1596 752 1639 hanc
783 1597 1117 1639 benivolentiam
1151 1602 1336 1640 vestram
1369 1600 1449 1639 vir-

38 1671 70 1696 25
90 1656 183 1694 tute
220 1656 424 1696 meruisse
463 1671 530 1696 me
571 1656 723 1697 iudico.
788 1656 876 1698 Vos
913 1658 1025 1698 enim
1059 1657 1307 1699 diuturnum
1340 1659 1449 1699 fruc·

92 1715 184 1753 tum
217 1728 268 1754 ex
299 1728 378 1767 me,
410 1715 590 1756 forsitan
623 1716 751 1756 etiam
784 1720 1038 1770 perpetuum
1065 1718 1281 1771 percipere
1311 1718 1449 1772 cupia-

190 1858 207 1886 1
238 1855 375 1900 sumus]
404 1866 469 1889 om.
491 1859 530 1890 V.
629 1856 733 1902 quot]
762 1857 861 1900 quod
888 1860 914 1890 F
934 1869 978 1891 m.
994 1869 1053 1902 pr.
1074 1861 1147 1890 LV.
1249 1862 1268 1891 2
1300 1857 1452 1892 Univer-

94 1900 166 1945 sos]
195 1901 384 1935 uniumsos
413 1906 437 1935 L
457 1914 502 1937 m.
520 1915 576 1947 pr.
598 1907 639 1945 V,
665 1904 817 1938 unifisos
845 1904 883 1950 [i.
905 1916 931 1938 e.
958 1905 1164 1950 uniuersos]
1193 1908 1262 1939 FP.
1339 1909 1359 1939 3
1387 1905 1451 1938 ad-

94 1948 273 1994 mitteret]
314 1949 504 1983 amitteret
529 1954 565 1984 P.
677 1955 696 1984 9
724 1951 932 1997 indignius]
961 1952 1138 1997 indignus
1166 1956 1202 1986 F.
1317 1953 1449 1998 possit]

94 1995 204 2039 posit,
229 1996 291 2030 sed
316 1998 332 2029 t
358 1998 399 2031 in
426 2009 496 2032 ras.
524 2001 559 2031 P.
670 2002 712 2032 10
739 1998 974 2033 Ptolomaeus
1000 2001 1146 2043 scripsi:
1175 2000 1383 2043 ptolomeus
1410 2004 1449 2041 V,

92 2042 326 2086 ptholomeus
354 2047 461 2086 BLP,
494 2044 701 2079 tholomeus
728 2050 764 2079 F.
891 2051 933 2081 12
969 2057 1013 2080 ex
1039 2047 1214 2081 satietate
1244 2049 1450 2082 Bentlezssus:

95 2090 318 2125 exsacietate
339 2095 375 2135 F,
398 2093 605 2126 exsatiatae
625 2096 738 2135 BLV,
759 2093 971 2128 exsaciatae
992 2098 1028 2127 P.
1116 2098 1158 2128 16
1180 2095 1306 2140 atque]
1330 2095 1450 2138 adque

93 2140 120 2169 F
142 2148 184 2171 m.
199 2149 259 2181 pr.
279 2142 314 2171 L.
411 2143 451 2173 17
474 2150 516 2174 eo
540 2140 772 2175 Fraozcz'nus:
793 2152 874 2175 meo
896 2145 936 2175 A.
1025 2145 1067 2175 18
1089 2142 1213 2188 hodie]
1236 2142 1320 2176 odie
1340 2145 1379 2176 V.

93 2185 340 2230 praeponitis]
355 2187 564 2230 proponitis
579 2191 613 2221 P.
681 2191 725 2222 20
748 2189 874 2234 atque]
897 2189 1018 2232 adque
1039 2193 1065 2222 F
1085 2201 1130 2223 m.
1142 2200 1200 2232 pr.
1220 2194 1245 2222 L
1265 2201 1309 2224 m.
1321 2201 1379 2233 pr.

95 2230 289 2277 indicium]
316 2232 494 2268 inditium
514 2238 550 2268 P.
632 2235 824 2281 omisistis]
852 2235 1050 2270 omissistis
1070 2240 1109 2270 V.
1186 2237 1451 2282 confitendum]

96 2278 355 2313 confidendum
375 2285 410 2314 P.
505 2285 547 2315 22
570 2282 707 2328 coepit]
729 2283 828 2327 cepit
847 2287 917 2317 FP.
1011 2288 1054 2316 23
1075 2283 1169 2317 mori
1190 2284 1336 2329 optant]
1359 2284 1452 2318 mori

95 2327 229 2368 aptant
253 2330 295 2367 P,
328 2328 445 2361 moria
472 2331 604 2372 optant
629 2333 709 2372 FV,
736 2331 989 2374 mori*optant
1009 2335 1044 2363 L.
1134 2335 1177 2364 24
1205 2334 1242 2366 et
1267 2342 1360 2374 mea,
1389 2331 1453 2374 qui

90 2373 259 2416 pridem
279 2376 423 2418 scripsi:
453 2387 573 2410 meam
600 2379 637 2411 et
663 2377 814 2420 quidem
842 2381 875 2418 c,
902 2380 939 2412 et
965 2378 1116 2421 quidem
1142 2389 1264 2412 meam
1290 2382 1325 2411 P.

1475 483 1517 512 14

1477 780 1518 809 15

1477 958 1518 988 16

1476 1077 1518 1106 17

1477 1491 1519 1522 18
