1610 2522
124 1036 142 1065 Ξ)

103 1155 144 1186 10

103 1335 141 1364 11

175 79 226 117 Π)
675 82 713 120 Q.
743 78 881 111 (ῚἮῙΙῚ
915 77 1020 111 RNV}

171 203 340 241 quoque
369 187 522 242 (anina,
552 190 597 228 ut
626 189 721 240 fere,
748 186 992 228 sollicitudo
1021 189 1305 228 revocaverat:
1337 202 1520 229 recense-

173 247 277 287 bant
309 247 418 287 enim
459 246 638 287 Dareum
682 247 724 288 in
758 245 967 301 principio
1002 246 1167 301 imperii
1204 247 1396 302 vaginam
1439 247 1518 288 aci-

172 307 286 347 naris
328 306 535 347 Persicam
580 306 749 347 iussisse
790 307 940 347 mutari
986 306 1028 346 in
1067 321 1155 347 eam
1197 306 1396 360 formam,
1435 321 1519 361 qua

173 365 321 406 (ii-aeci
357 368 590 419 uterentur,
623 366 903 420 protinusque
937 364 1172 407 Chaldaeos
1206 365 1519 420 interpretatos,

173 426 394 479 imperium
423 425 645 466 Persarum
680 425 730 466 ad
765 440 836 467 eos
863 425 1155 479 transiturum,
1188 440 1367 479 quorum
1403 441 1519 468 arma
1559 443 1573 469 5

170 488 280 526 esset
306 484 509 526 imitatus.
575 484 770 526 Ceterum
801 485 891 539 ipse
918 487 959 526 et
987 487 1130 526 vatum
1158 499 1373 539 responso,
1406 485 1519 539 quod

172 545 376 587 edebatur
409 545 448 585 in
483 544 656 599 vulgus,
696 548 737 585 et
770 545 928 599 specie,
967 559 1074 599 quae
1114 559 1188 599 per
1219 559 1414 586 somnum
1449 545 1520 586 ob-

170 605 256 646 lata
283 607 385 658 erat,
418 604 643 646 admodum
672 604 808 646 laetus
836 607 973 645 eastra
1006 604 1057 645 ad
1083 604 1332 659 Euphraten
1360 605 1518 646 moveri

171 665 299 705 iubet.

263 723 404 765 Patrio
444 738 560 765 more
594 723 816 765 Persarum
851 724 1054 764 traditum
1095 726 1158 764 est
1197 726 1290 765 orto
1331 723 1418 764 sole
1455 724 1521 765 de·
1546 728 1563 762 7

171 799 284 824 mum
329 783 565 838 procedere.
643 783 721 824 Die
771 783 851 824 iam
896 783 1066 824 inlustri
1110 783 1278 839 signum
1323 799 1343 824 e
1385 784 1521 825 taber-
1543 801 1573 825 11

170 843 322 884 nac-ulo
374 843 487 899 regis
544 842 700 883 bucina
751 843 947 884 dabatur:
1011 857 1137 897 super
1187 842 1522 898 tabernaculum,

170 903 280 944 unde
314 902 366 943 ab
395 902 592 944 omnibus
620 902 806 957 conspici
833 906 988 957 posset,
1023 903 1164 959 imago
1191 902 1291 943 solis
1319 902 1521 957 crystallo

171 962 335 1003 inclusa
386 962 590 1018 fulgebat.
680 961 793 1004 Ordo
845 965 986 1004 autem
1038 963 1220 1017 agminis
1271 965 1361 1003 erat
1411 963 1519 1004 talis.

172 1022 300 1077 Ignis,
323 1036 446 1076 quem
471 1022 551 1076 ipsi
574 1037 737 1063 sacrum
761 1025 802 1063 et
823 1024 1040 1063 aeternum
1063 1022 1284 1076 vocabant⁷
1309 1021 1520 1077 argenteis
1543 1039 1575 1063 ιτ)

170 1082 377 1124 altaribus
403 1081 730 1136 praeferebatur.
787 1081 903 1138 Magi
931 1081 1112 1136 proximi
1140 1082 1323 1136 patrium
1353 1096 1521 1124 carmen

171 1142 389 1183 canebant.
454 1141 603 1198 Magos
624 1141 803 1183 trecenti
831 1144 872 1182 et
894 1141 1115 1196 sexaginta
1135 1142 1322 1196 quinque
1350 1142 1522 1183 iuvenes

172 1202 459 1256 sequebantur
508 1201 701 1256 puniceis
751 1201 946 1242 amiculis
1000 1201 1137 1255 velati,
1188 1201 1337 1242 (liebus
1388 1201 1522 1243 totius

171 1263 268 1302 anni
302 1276 423 1316 pares
456 1276 650 1302 numero:
691 1261 848 1316 quippe
881 1261 1020 1302 Persis
1060 1275 1228 1315 quoque
1270 1262 1309 1302 in
1345 1261 1520 1302 totidem

173 1321 260 1362 dies
307 1321 537 1375 discriptus
582 1324 646 1362 est
696 1335 842 1361 annus.
918 1319 1097 1361 Currum
1141 1320 1289 1362 deinde
1328 1320 1418 1362 Iovi
1459 1336 1522 1361 sa-
1545 1337 1577 1362 20

171 1383 334 1421 eratum
357 1381 546 1422 albentes
562 1380 773 1422 vehebant
793 1380 908 1435 equi:
932 1380 1009 1421 hos
1025 1380 1202 1421 eximiae
1217 1380 1523 1436 magnitudinis

173 1455 325 1494 equus,
368 1455 491 1494 quem
537 1439 649 1482 Solis
693 1440 977 1494 appellabant,
1020 1440 1286 1494 sequebatur.
1360 1440 1523 1481 Aureae

172 1501 315 1556 virgae
366 1502 407 1541 et
459 1500 579 1541 albae
630 1502 768 1540 vestes
819 1502 1014 1555 regentes
1065 1514 1195 1554 equos
1247 1499 1523 1541 adornabant.

125 1574 133 1588 ³
172 1559 297 1601 Haud
331 1559 482 1614 procul
514 1562 634 1601 erant
667 1559 862 1600 vehicula
894 1559 1035 1600 decem
1070 1560 1206 1600 multo
1240 1574 1341 1601 auro
1377 1574 1524 1616 argen-

124 1634 143 1663 3
172 1622 301 1673 toque
341 1619 510 1661 caelata.
588 1618 855 1673 Sequebatur
898 1619 1000 1660 ham·
1040 1619 1254 1673 equitatus
1300 1619 1521 1661 duodecim
1544 1634 1576 1659 25

172 1680 362 1733 gentium
392 1679 519 1720 variis
547 1679 675 1719 armis
703 1682 743 1719 et
771 1679 971 1720 moribus.
1035 1678 1223 1719 Proximi
1254 1678 1384 1733 ibant,
1416 1692 1523 1733 quos

171 1739 324 1780 Persae
368 1738 624 1780 Inmortales
670 1741 841 1792 vocant,
885 1738 937 1779 ad
983 1738 1127 1779 decem
1173 1737 1300 1779 milia.
1371 1737 1521 1779 Cultus

269 1873 282 1902 l
314 1869 437 1902 omina
465 1871 490 1901 B
517 1880 623 1903 vorin:
652 1867 775 1901 omnia
802 1870 840 1901 A.
934 1867 1025 1912 fei-01
1053 1867 1124 1901 fert
1149 1870 1174 1900 B
1202 1879 1288 1902 corr<
1378 1871 1397 1899 6
1425 1867 1521 1910 quod

172 1916 366 1960 edebatur}
394 1927 466 1960 quo
495 1916 699 1950 debebatur
726 1918 750 1948 B
772 1928 814 1949 m.
834 1928 889 1959 pr.
1026 1919 1043 1947 7
1072 1916 1256 1959 somnum!
1283 1914 1464 1948 somnium
1487 1919 1521 1948 L.

172 1971 191 1995 >⁴
220 1964 436 2008 admodum!
464 1964 663 1998 addomum
684 1967 723 1996 V.
815 1963 1042 2007 Euphraten}
1071 1963 1301 2007 hcuphraten
1327 1966 1360 1995 P.
1447 1974 1524 1996 mo-

173 2012 244 2045 veri
273 2012 560 2046 Frrinshmm'us:
589 2022 736 2045 mouere
765 2014 801 2044 A.
902 2015 941 2044 13
970 2012 1091 2054 posset
1121 2015 1152 2043 1:
1180 2010 1294 2054 possit
1324 2013 1361 2043 A.
1447 2021 1524 2054 cry-

172 2059 298 2103 stallo!
327 2059 491 2094 cristallo
520 2063 551 2093 C.
629 2063 670 2093 14
698 2058 883 2104 fulgebat!
910 2058 1106 2103 fulgebant
1131 2060 1157 2091 13
1186 2070 1226 2092 m.
1246 2070 1301 2101 pr.
1383 2059 1524 2103 autem}

172 2120 263 2152 quae
288 2112 459 2141 seeuntm·
479 2107 583 2142 verba
608 2118 716 2151 nsque
738 2107 786 2140 ad
812 2110 830 2147 g
856 2111 895 2139 14
918 2106 1006 2140 baec
1028 2116 1111 2140 vero
1138 2105 1245 2139 turba
1273 2117 1371 2139 nunc
1396 2106 1523 2139 desunt

171 2157 245 2198 sere
276 2156 397 2189 omnia
428 2156 463 2187 in
491 2158 519 2187 V
545 2159 690 2199 propter
716 2158 856 2199 partem
883 2155 968 2196 folii
993 2154 1162 2188 avolsam.
1277 2156 1317 2186 16
1344 2153 1523 2198 patrium]

172 2205 321 2247 patrum
348 2206 372 2235 P
401 2215 441 2236 m.
460 2215 517 2246 pr.
596 2206 635 2235 17
664 2202 793 2247 Magos
813 2201 985 2247 trecenti}
1009 2213 1117 2246 mago
1139 2200 1213 2235 fere
1241 2199 1338 2234 centi
1359 2203 1383 2233 P
1407 2212 1447 2234 m.
1465 2212 1522 2245 pr.

176 2256 217 2284 18
245 2250 412 2293 puniceis
447 2250 675 2284 Francioms:
714 2249 859 2293 punicis
886 2252 923 2282 A,
1065 2248 1251 2293 amiculis]
1287 2247 1467 2282 amaculis
1500 2251 1525 2281 P

175 2311 216 2331 m.
234 2310 291 2342 pr.
369 2302 411 2330 :20
433 2297 634 2340 discriptus
661 2298 825 2340 Eussner:
855 2297 1061 2340 descriptus
1082 2299 1120 2329 A.
1197 2299 1238 2329 22
1266 2294 1523 2341 appellabant]

174 2344 389 2390 apellabant
410 2349 444 2378 Ρ.
545 2350 584 2378 21
616 2345 738 2389 Haud]
767 2345 853 2378 haut
883 2348 918 2377 P.
