1610 2522
341 113 676 148 HISTORIARUM
703 114 987 149 ALEXANDRI
1013 114 1054 156 X,
1083 120 1113 148 5.
1137 119 1168 149 6.
1348 116 1432 156 3ἶὸ

80 238 206 278 quam
248 225 366 264 nulla
407 222 544 264 clades
587 222 704 276 111110,
749 238 832 277 qua
870 222 1024 264 adfecti
1064 238 1228 277 sumus,
1273 239 1349 278 par
1380 224 1432 264 ab

79 283 199 324 iratis
226 283 289 323 dis
317 283 547 337 excogitari
576 285 727 336 potest,
754 286 895 324 tamen
922 283 1260 338 magnitudinem
1281 298 1434 337 rerum,

81 357 184 396 quas
212 343 312 396 egit,
344 341 606 382 intuentibus
633 342 800 383 credere
828 342 939 395 licet,
971 345 1135 383 tantum
1168 343 1305 383 virum
1333 342 1433 383 deos

80 401 425 443 adcommodasse
460 401 586 442 rebus
617 401 832 455 humanis,
877 416 1056 455 quarum
1091 405 1203 443 sorte
1237 402 1435 456 conpleta

46 462 165 503 scito
217 464 458 515 repeterent
502 476 597 501 eum
642 476 742 501 suae
787 461 922 515 stirpi.
1002 460 1187 502 Proinde
1232 461 1434 515 quoniam

80 521 189 562 nihil
222 520 335 562 aliud
369 535 418 561 ex
451 535 498 562 eo
533 523 741 574 superest,
787 535 913 574 quam
946 521 1059 575 quod
1092 535 1258 575 semper
1289 521 1340 562 ab
1374 522 1436 561 in-

81 580 342 623 mortalitate
393 580 623 632 seducitur,
674 580 839 633 corpori
888 581 1037 634 utique
1083 595 1209 634 quam
1248 581 1435 634 primum

82 642 192 682 iusta
236 641 450 682 solvamus
494 639 607 680 haud
646 639 787 693 obliti,
832 640 876 679 in
904 654 987 693 qua
1017 639 1139 693 urbe,
1184 640 1295 680 inter
1327 654 1435 694 quos

82 701 226 753 simus,
253 699 369 753 quali
395 699 587 754 praeside
614 714 661 739 ac
688 713 785 753 rege
813 698 995 753 spoliati.
1047 699 1331 740 Tractandum
1360 702 1436 752 est,

29 771 61 795 10
82 759 408 812 commilitones,
435 758 805 814 cogitandumque,
826 761 874 799 ut
894 758 1117 800 victoriam
1138 762 1305 813 partam
1326 759 1436 799 inter

81 819 179 873 hos,
220 819 270 860 de
309 818 463 871 quibus
497 821 617 871 parta
650 820 730 870 est,
772 818 965 859 obtinere
997 818 1225 872 possimus.
1289 817 1437 872 Capite

83 893 190 932 opus
223 881 303 919 est:
337 877 416 920 hoc
447 879 665 919 nominare
699 878 741 917 in
772 881 913 918 vestra
945 880 1156 931 potestate
1189 880 1262 918 est.
1325 877 1438 918 Illud

83 938 188 979 scire
222 937 395 991 debetis,
436 937 664 978 militarem
698 936 787 978 sine
821 937 924 978 duce
958 937 1127 978 turbam
1161 951 1313 990 corpus
1347 951 1437 977 esse

82 998 171 1038 sine
204 997 370 1051 spiritu.
421 996 575 1037 Sextus
607 997 764 1037 mensis
798 999 878 1049 est,
918 1011 967 1036 ex
1002 1011 1086 1050 quo
1114 996 1290 1038 Roxane
1320 1011 1438 1051 prae-

30 1068 62 1093 15
82 1071 218 1112 gnans
251 1059 330 1098 est:
365 1058 571 1110 optamus,
606 1058 652 1095 ut
685 1070 843 1096 marem
879 1056 1076 1109 enitatur,
1109 1056 1228 1096 cuius
1259 1071 1438 1110 regnum

83 1116 147 1157 dis
189 1116 525 1170 adprobantibus
565 1117 619 1157 se't
656 1115 866 1169 futurum,
906 1115 1160 1169 quandoque
1192 1115 1437 1157 adoleverit.

82 1174 259 1216 Interim
305 1191 328 1216 a
373 1175 528 1229 quibus
568 1174 656 1229 regi
689 1175 848 1224 velitis7
895 1175 1129 1215 destinate.’
1194 1174 1311 1215 Haec
1342 1174 1436 1215 Per-

13 1232 63 1266 20
84 1235 210 1275 dicca.
274 1234 381 1275 Tum
414 1234 634 1275 Nearchus
667 1233 900 1275 Alexandri
933 1234 1058 1276 modo
1099 1234 1349 1289 sanguinem
1393 1248 1439 1274 ac

84 1296 260 1348 stirpem
292 1296 432 1350 regiae
465 1293 678 1335 maiestati
712 1294 949 1346 convenire,
980 1294 1191 1334 neminem
1227 1294 1287 1334 ait
1316 1308 1439 1347 posse

30 1363 64 1388 20
84 1354 279 1407 infitiari,
320 1357 505 1395 ceterum
548 1354 760 1407 expectari
797 1353 985 1393 nondum
1026 1356 1165 1393 ortum
1206 1367 1347 1408 regem
1387 1355 1439 1405 et,

85 1414 158 1466 qui
190 1413 273 1453 iam
307 1414 380 1466 sit⁷
415 1412 652 1466 praeteriri,
686 1427 762 1453 nec
794 1413 946 1453 animis
980 1413 1259 1453 Macedonum
1293 1426 1442 1453 conve-

83 1473 175 1513 nire
206 1487 284 1513 nec
315 1472 499 1526 tempori
531 1487 687 1513 eorum.
738 1471 844 1512 Esse
877 1486 897 1512 e
932 1471 1105 1512 Barsine
1138 1471 1274 1512 filium
1307 1472 1440 1526 regis:

83 1531 184 1572 huic
222 1532 413 1572 diadema
452 1531 647 1573 dandum.
711 1531 831 1572 Nulli
870 1531 1064 1586 placebat
1098 1531 1254 1572 oratio:
1296 1531 1440 1584 itaque

87 1606 161 1633 suo
195 1606 311 1632 more
343 1591 478 1631 hastis
512 1594 630 1632 scuta
664 1591 902 1644 quatientes
930 1590 1173 1645 obstrepere
1201 1604 1440 1644 persevera-

33 1659 65 1684 25
85 1651 199 1692 bant.
244 1650 418 1704 Iamque
445 1665 577 1704 prope
598 1650 650 1691 ad
671 1650 923 1691 seditionem
943 1652 1224 1704 pervenerant
1243 1649 1439 1690 Nearcho

87 1710 348 1763 pervicacius
376 1713 520 1751 tuente
547 1709 820 1762 sententiam,
847 1724 940 1751 011111
965 1709 1255 1750 Ptolomaeus:
1285 1708 1441 1763 ‘Digna

1325 1805 1341 1815 ,-

183 1806 201 1836 6
230 1803 289 1848 ex]
315 1814 379 1836 07η.
402 1807 491 1837 Lm.
508 1814 566 1847 pr.
636 1802 920 1848 inmortalitate]
947 1801 1191 1836 imortalitate
1212 1806 1246 1835 P.
1329 1814 1337 1834 1
1370 1801 1442 1834 uti-

88 1861 158 1894 que
195 1851 340 1894 scripsi:
386 1851 600 1894 nominique
638 1853 677 1884 A.
826 1853 868 1884 10
907 1849 1178 1884 commilitones
1218 1854 1250 1883 1:
1301 1849 1443 1882 comili-

87 1900 192 1932 tones
213 1901 252 1930 A.
341 1898 653 1943 cogitandumque
683 1898 912 1932 Vindelinus:
940 1897 1245 1942 cogitantumque
1272 1900 1300 1929 A
1328 1896 1443 1941 [cogi-

87 1947 283 1988 tatumque
308 1945 364 1990 V].
453 1949 494 1978 12
522 1946 591 1979 1100
617 1945 807 1979 nominare
835 1945 1038 1979 Bentlez'us:
1069 1944 1202 1978 hocine
1227 1955 1300 1978 uno
1328 1955 1374 1977 an
1401 1947 1440 1976 A.

91 1997 133 2026 14
165 1992 318 2038 mensis]
350 2004 496 2026 mensus
523 1996 568 2033 V,
601 1993 760 2026 mensim
793 1996 829 2026 F.
975 1992 1201 2037 praegnans]
1233 2002 1375 2037 pregna
1406 1994 1442 2025 P.

92 2044 133 2074 16
159 2041 218 2075 sit
243 2039 409 2073 futurum
434 2041 580 2084 scripsi:
615 2040 781 2073 futurum
807 2043 845 2073 A.
996 2043 1036 2072 17
1065 2039 1199 2082 quibus
1226 2043 1259 2072 1:
1292 2038 1441 2082 quibus-

90 2097 160 2130 que
181 2090 210 2120 A
236 2087 415 2133 [quibusss
438 2088 491 2133 B].
567 2091 609 2121 ΞΟ
636 2087 789 2121 infitiari
810 2088 1014 2121 Bentleius:
1041 2087 1168 2120 mirari
1189 2089 1227 2120 A.
1305 2086 1441 2131 ortum]

90 2134 238 2168 hortum
264 2138 289 2167 B
310 2147 353 2169 m.
370 2147 429 2179 pr.
553 2139 594 2168 ‘21
623 2135 832 2180 praeteriri]
863 2134 1055 2178 praeteriti
1081 2137 1121 2167 V.
1246 2137 1288 2166 22
1317 2144 1444 2166 eorum

90 2183 234 2226 scripsi:
254 2193 375 2216 rerum
390 2186 427 2216 A.
498 2193 516 2217 e
540 2182 690 2216 Barsine
705 2183 926 2217 Frobenius:
949 2181 1120 2215 abarsine
1135 2184 1174 2214 A.
1245 2184 1287 2214 24
1310 2180 1442 2225 hastis]

92 2230 183 2263 astis
209 2233 251 2270 F,
284 2229 399 2263 hestis
426 2234 450 2262 L
484 2242 527 2263 m.
549 2241 601 2273 pr.
708 2229 935 2273 quatientes]
969 2229 1184 2272 quacientes
1212 2231 1236 2260 L
1267 2239 1385 2272 impr.
1407 2231 1442 2260 P.

94 2280 135 2310 26
162 2277 391 2320 pervicacius
418 2282 450 2310 I:
484 2276 710 2321 peruicatius
736 2281 777 2318 P,
804 2277 1013 2321 peruiacius
1041 2281 1062 2309 c
1098 2275 1319 2320 {peruiatius
1339 2275 1395 2319 V].

92 2323 333 2369 sententiam]
360 2324 546 2358 sententia
572 2328 607 2357 P.
693 2335 776 2357 cum
801 2325 946 2368 scripsi:
981 2326 1061 2357 tum
1087 2326 1126 2355 A.
1208 2322 1443 2356 Ptolomaeus

91 2372 237 2415 scripsi:
264 2371 473 2415 ptolomeus
500 2375 579 2412 LV„
606 2371 787 2405 tolomeus
815 2375 857 2412 F,
884 2370 1118 2415 ptholomeus
1146 2373 1217 2402 PV.

1469 1244 1509 1274 10

1470 1363 1509 1392 11

1469 1541 1510 1570 12

1471 1719 1513 1750 13
