1610 2522
50 569 90 597 13

45 747 84 777 14

46 986 84 1015 15

42 1343 83 1373 16

43 1522 81 1551 17

42 1702 81 1730 ῙΗ

40 1880 81 1909 19

119 92 173 130 511
621 91 661 131 Q.
690 90 831 124 (ΊῚΒῚῚ
863 90 969 124 RVFI

119 215 208 241 runi
251 215 441 254 conpage
482 201 621 240 laxata
661 199 923 241 munimenta
963 200 1202 241 defecerant
1243 203 1285 240 et
1323 200 1469 242 classis

119 259 347 301 intraverat
397 262 567 313 portum
615 263 656 301 et
703 259 874 313 quidam
921 259 1196 301 Macedonum
1246 260 1286 300 111
1334 263 1469 301 turres

118 319 304 360 hostium
338 318 525 360 desertas
554 322 783 371 evaserant,
817 334 910 360 cum
939 318 1058 373 Tyrii
1090 322 1155 360 tot
1187 319 1313 361 simul
1345 319 1468 360 malis

117 379 214 420 victi
257 378 329 419 alii
364 378 576 433 supplices
618 379 656 419 in
692 378 849 433 templa
882 379 1153 434 confugiunt,
1192 379 1264 420 alii
1305 378 1468 420 foribus

117 439 283 479 aedium
324 438 532 480 obseratis
573 442 783 493 occupant
820 438 1001 479 liberum
1043 438 1192 480 mortis
1231 438 1469 491 arbitrium,

117 497 309 539 nonnulli
345 500 475 539 ruunt
516 498 558 538 in
592 498 758 540 hostem
793 497 904 539 haud
938 497 1063 539 inulti
1103 502 1243 540 tamen
1278 497 1470 552 perituri,

118 571 272 612 inagna
304 572 402 612 pars
436 572 598 599 summa
632 560 842 599 tectorum
878 557 1099 599 obtinebat
1132 573 1231 599 saxa
1264 560 1317 611 et,
1350 557 1469 611 quid-

116 618 219 670 quid
261 617 348 658 fors
391 618 433 658 in
466 632 615 658 manus
659 617 848 670 dederat,
891 617 1132 671 ingerentes
1176 617 1467 658 subeuntibus.

114 675 356 718 Alexander
390 677 590 731 exeeptis,
617 676 689 731 qui
724 677 767 718 in
799 677 959 731 templa
991 676 1282 732 confugerant,
1321 691 1468 718 omnes

114 736 295 777 interfici
337 737 565 792 ignemque
607 737 732 778 tectis
779 736 877 777 inici
924 736 1051 778 iubet.
1115 736 1194 778 His
1236 751 1310 790 per
1351 750 1467 790 prae-

114 810 238 837 cones
276 795 565 850 pronuntiatis
605 811 729 837 nemo
769 798 913 836 tamen
950 798 1139 837 armatus
1180 810 1302 850 opem
1341 810 1366 836 a
1404 795 1468 836 dis

115 858 258 909 petere
280 856 501 897 sustinuit:
529 855 649 910 pueri
679 855 950 910 virginesque
972 855 1134 910 templa
1154 856 1468 910 conpleverant,

117 916 193 956 viri
246 915 287 955 in
340 915 552 956 vestibulo
611 930 781 956 suarum
835 916 1016 969 quisque
1068 915 1233 956 aedium
1286 914 1468 968 stabant,

115 977 262 1028 parata
296 975 581 1017 saevientibus
621 975 756 1016 turba.
820 974 969 1016 Multis
1008 978 1151 1016 tamen
1191 973 1316 1016 saluti
1351 974 1467 1016 suere

115 1034 291 1087 Sidonii,
344 1035 414 1089 qui
467 1035 579 1077 intra
624 1034 904 1076 Macedonum
952 1034 1161 1089 praesidia
1206 1037 1336 1075 erant.
1409 1033 1465 1075 Hi

115 1093 259 1135 urbem
284 1094 453 1148 quidem
475 1095 587 1136 inter
609 1094 790 1137 victores
812 1094 1085 1148 intraverant,
1106 1094 1177 1135 sed
1200 1093 1466 1148 cognationis

113 1167 209 1194 cum
237 1153 377 1207 Tyriis
405 1169 614 1195 memores
647 1180 703 1183 —
737 1154 896 1208 quippe
923 1157 1148 1208 utramque
1181 1153 1327 1194 urbem
1357 1152 1466 1207 Age-

112 1228 255 1255 norem
292 1214 531 1255 condidisse
565 1214 794 1256 credebant
822 1239 875 1243 —-
903 1213 1062 1256 multos
1097 1213 1323 1267 Tyriorum
1358 1212 1465 1254 clam

112 1276 384 1329 protegentes
430 1273 482 1314 ad
522 1289 598 1315 sua
636 1274 868 1328 perduxere
908 1273 1094 1329 navigia:
1135 1273 1290 1327 quibus
1329 1272 1464 1314 occul-

112 1333 212 1373 tatis
253 1332 412 1374 Sidona
451 1333 613 1375 devecti
653 1336 764 1374 sunt.
834 1344 894 1373 XV
935 1333 1051 1374 milia
1095 1332 1176 1374 hoc
1214 1333 1330 1373 furto
1371 1332 1465 1373 sub-

111 1392 238 1433 ducta
265 1393 464 1433 saevitiae
493 1397 602 1434 sunt.
655 1392 955 1447 Quantumque
983 1393 1201 1448 sanguinis
1228 1392 1370 1433 fusum
1398 1391 1466 1445 sit,

113 1453 177 1492 vel
219 1467 269 1492 ex
312 1452 393 1493 hoc
425 1453 640 1494 aestimari
688 1455 842 1507 potest,
891 1452 1004 1506 quod
1047 1452 1159 1493 intra
1202 1452 1462 1493 munimenta

112 1512 227 1553 urbis
255 1524 301 1552 VI
328 1512 446 1553 milia
465 1515 726 1554 armatorum
749 1512 958 1553 trucidata
984 1514 1093 1553 sunt.
1157 1511 1295 1552 Triste
1317 1510 1466 1553 deinde

111 1571 402 1625 spectaculum
451 1572 685 1614 victoribus
735 1572 795 1613 ira
842 1571 1040 1626 praebuit
1081 1572 1211 1627 regis:
1262 1582 1292 1612 11
1334 1570 1465 1624 milia,

112 1630 151 1671 in
195 1631 350 1685 quibus
391 1631 631 1673 occidendis
667 1632 876 1673 defecerat
914 1631 1066 1684 rabies,
1106 1630 1302 1672 crucibus
1335 1629 1463 1671 adfixi

110 1705 184 1744 per
217 1692 366 1745 ingens
399 1690 538 1732 litoris
566 1692 749 1745 spatium
777 1691 1079 1745 pependerunt.
1145 1689 1462 1744 Carthaginien—

111 1750 219 1791 sium
254 1750 407 1805 legatis
439 1751 630 1805 pepercit
663 1750 807 1792 addita
840 1751 1160 1792 denuntiatione
1194 1749 1312 1802 belli,
1352 1749 1463 1803 quod

111 1810 399 1863 praesentium
433 1825 574 1851 rerum
609 1810 839 1852 necessitas
872 1812 1120 1851 moraretur.

199 1869 335 1923 Tyros
363 1870 545 1924 septimo
573 1884 728 1923 mense,
762 1885 887 1924 quam
916 1869 1155 1924 oppugnari
1183 1872 1333 1923 coepta
1362 1872 1463 1921 erat,

110 1932 232 1983 capta
266 1932 341 1983 est,
375 1930 475 1970 urbs
508 1932 551 1970 et
577 1932 788 1970 vetustate
816 1929 994 1984 originis
1027 1932 1068 1970 et
1095 1929 1241 1970 crebra
1266 1928 1462 1969 fortunae

110 1989 313 2029 varietate
353 1988 404 2029 ad
437 1989 685 2030 memoriam
729 1989 994 2043 posteritatis
1027 1988 1218 2044 insignis.
1283 1986 1462 2029 Condita

205 2122 224 2150 τ’)
252 2117 450 2164 obseratis]
478 2118 684 2152 obseruatis
711 2122 747 2155 P.
775 2118 979 2152 obseratis
1007 2121 1041 2151 L.
1142 2121 1160 2150 6
1188 2117 1304 2162 haud}
1332 2118 1395 2150 aut
1423 2120 1461 2150 V.

112 2169 128 2198 Τ
157 2165 362 2209 quidquid
389 2170 420 2199 1:
450 2165 539 2210 quid
567 2169 604 2199 A.
729 2170 748 2199 8
776 2165 922 2211 manns]
951 2165 1120 2199 manilius
1149 2168 1180 2198 c.
1311 2168 1353 2198 10
1380 2164 1462 2210 His]

109 2213 138 2247 is
160 2216 199 2246 V.
278 2217 315 2246 11
348 2215 512 2247 armatus
539 2226 604 2247 υηι.
626 2217 665 2248 V.
751 2217 790 2246 15
818 2213 977 2258 Sidonii]
1005 2212 1151 2256 sydonii
1172 2215 1211 2245 V.
1298 2216 1339 2246 18
1367 2211 1461 2246 clam

112 2261 312 2294 Brentleius:
341 2261 454 2294 etiam
476 2265 514 2294 A.
590 2264 634 2294 2²0
662 2261 815 2305 Sidona]
843 2260 1010 2294 sidonam
1031 2264 1069 2295 V.
1146 2264 1188 2293 ⁴2⁶2
1217 2259 1462 2305 munimenta]

109 2310 347 2342 monumenta
375 2312 400 2341 P
429 2321 469 2342 m.
490 2321 544 2353 1¹¹²
645 2312 687 2342 ‘24
716 2308 785 2354 ira]
813 2308 863 2342 ita
886 2311 922 2342 F.
1030 2306 1218 2353 praebuit]
1245 2307 1409 2352 praefuit
1428 2311 1460 2341 C.

110 2359 151 2389 ‘27
180 2355 363 2400 pepercit]
392 2356 577 2400 perpercit
600 2358 624 2388 B
648 2369 689 2390 m.
706 2368 763 2401 pr.
786 2359 854 2389 Lv-

1507 457 1522 482 5

1492 756 1523 780 10

1489 1052 1522 1077 15

1487 1350 1520 1375 20

1485 1648 1518 1674 25

1483 1946 1517 1970 30
