1610 2522
331 98 666 134 HISTORIARUM
693 97 976 132 ALEXANDRI
1005 96 1097 139 Vm,
1125 100 1157 132 9.
1181 100 1235 131 10.
1373 95 1456 137 287

105 209 204 250 dum
238 209 440 264 dirigunt.
492 208 630 249 Multa
662 210 703 248 et
736 207 818 248 alia
849 206 1088 259 tradunt-ur,
1120 205 1275 259 quibus
1302 206 1459 246 morari
1487 216 1530 246 37

105 269 297 310 ordinem
331 283 470 310 rerum
503 267 615 309 haud
649 281 748 308 sane
781 280 933 321 operae
967 265 1200 307 videbatur.

34 330 83 365 34
193 327 331 383 Igitur
352 327 596 369 Alexandro
630 327 726 368 finis
753 325 898 367 Indiae
927 326 1120 381 ingresso
1148 326 1342 380 gentium
1368 324 1459 364 fini·
1480 327 1509 361 X

104 388 306 428 timarum
333 387 471 442 reguli
499 389 772 428 occurrerunt
798 386 1005 440 imperata
1031 385 1197 437 facturi,
1231 385 1352 425 illum
1380 385 1459 424 ter-

70 447 210 488 5tiun]
247 445 346 488 Iove
388 447 581 501 genitum
625 446 675 486 ad
718 447 835 500 ipsos
878 444 1120 499 pervenisse
1158 446 1460 485 memorantes:

105 506 274 548 Patrem
307 506 510 547 Liberum
549 509 677 560 atque
710 504 939 547 Herculem
982 504 1097 544 fama
1129 504 1326 559 cognitos
1359 516 1460 556 esse,

106 567 244 620 ipsum
284 580 425 607 eoram
468 566 613 606 adesse
645 566 856 618 cernique.
920 563 1012 605 Rex
1044 564 1228 619 benigne
1261 565 1460 617 exceptos
1488 572 1507 602 ⁶2

106 626 225 680 sequi
258 627 385 666 iussit
422 625 555 666 isdem
595 625 796 665 itinerum
832 623 1009 665 ducibus
1042 637 1208 663 usurus.
1263 621 1459 663 Ceterum

106 700 200 726 cum
235 686 416 739 amplius
449 698 572 725 nemo
607 686 858 736 occurreret,
891 682 1256 737 Hephaestionem
1291 685 1332 722 et
1364 680 1463 722 Per-

53 744 252 786 10diccan
291 758 385 786 cum
425 744 641 798 copiarum
683 746 804 798 parte
843 744 1065 797 praemisit
1105 741 1157 782 ad
1189 741 1462 796 subigendos,

105 804 177 858 qui
212 807 505 845 aversarentur
535 803 774 857 imperium,
808 802 1018 856 iussitque
1044 802 1097 842 ad
1123 801 1283 842 flumen
1308 799 1461 841 Indum

104 863 330 918 procedere
363 867 404 904 et
436 863 607 919 nagivia
639 862 786 912 facere,
822 862 916 916 quis
944 862 988 902 in
1014 861 1219 902 ulteriora
1245 863 1462 914 transpor-

105 923 184 963 tari
231 926 376 977 posset
420 924 640 964 exereitus.
703 922 789 976 Illi,
836 921 934 975 quia
972 922 1095 975 plura
1131 920 1308 961 flumina
1341 934 1462 974 supe·
1490 929 1509 959 3

105 982 236 1023 randa
280 986 416 1035 erant,
462 982 522 1024 sic
562 983 734 1023 iunxere
774 996 919 1035 naves,
964 983 1012 1021 ut
1054 980 1218 1021 solutae
1260 979 1462 1033 plaustris

53 1052 84 1076 15
106 1042 201 1082 vehi
246 1045 422 1096 possent
465 1056 695 1095 rursusque
740 1041 954 1095 coniungi.
1025 1039 1120 1094 Ipse
1154 1038 1326 1080 Cratero
1366 1053 1460 1079 cum
1489 1049 1510 1078 4

106 1101 317 1156 phalange
362 1102 477 1142 iusso
517 1102 636 1155 sequi
676 1100 913 1155 equitatum
956 1114 1005 1141 ac
1037 1099 1172 1140 levem
1206 1101 1463 1140 armaturam

106 1161 251 1202 eduxit
284 1175 458 1215 eosque,
491 1162 563 1215 qui
598 1163 889 1213 occurrerunt,
925 1159 1007 1200 levi
1041 1158 1203 1212 proelio
1238 1159 1279 1199 in
1313 1158 1460 1199 urbem

105 1221 345 1274 proximam
367 1221 569 1274 conpulit.
621 1219 711 1261 Iam
738 1221 1040 1274 supervenerat
1061 1217 1279 1259 Craterus:
1306 1219 1463 1271 itaque,
1490 1228 1509 1256 5

106 1282 153 1320 ut
197 1281 408 1335 principio
454 1283 659 1321 terrorem
705 1279 915 1320 incuteret
958 1279 1075 1333 genti
1113 1277 1303 1318 nondum
1346 1292 1463 1317 arma

52 1349 85 1373 20
105 1338 385 1380 Macedonum
418 1342 627 1394 expertae,
660 1339 881 1393 praecipit,
912 1353 964 1378 ne
992 1337 1060 1379 cui
1086 1340 1342 1392 parceretur,
1376 1352 1464 1376 mu-

105 1399 307 1440 nimentis
346 1398 482 1452 urbis,
535 1414 660 1453 quam
703 1398 942 1452 obsidebat,
992 1398 1188 1438 incensis.
1254 1396 1464 1449 Ceterum,
1491 1406 1510 1436 c

107 1458 205 1498 dum
229 1459 450 1512 obequitat
470 1458 706 1511 moenibus,
734 1459 891 1513 sagitt-a
911 1458 1032 1498 ictus.
1080 1455 1202 1510 Cepit
1223 1458 1366 1497 tamen
1393 1470 1463 1509 op-

107 1517 266 1571 pidum,
293 1521 334 1559 et
361 1518 559 1559 omnibus
587 1518 738 1558 incolis
767 1517 855 1558 eius
882 1516 1106 1558 trucidatis
1134 1516 1260 1556 etiam
1287 1516 1329 1557 in
1351 1518 1464 1557 tecta

107 1578 315 1618 saevitum
349 1581 421 1618 est.

35 1631 84 1666 35
194 1636 297 1678 Inde
336 1636 497 1678 domita
535 1636 719 1692 ignobili
752 1639 877 1691 gente
910 1636 962 1676 ad
994 1634 1157 1689 Nysam
1191 1635 1339 1675 urbem
1372 1649 1463 1688 per-
1493 1645 1509 1675 7

53 1704 85 1728 ‘2⁶
107 1697 233 1737 venit.
285 1695 412 1737 Forte
445 1697 595 1738 castris
628 1698 725 1737 ante
760 1697 852 1750 ipsa
885 1696 1052 1735 moenia
1084 1696 1129 1735 in
1156 1694 1341 1735 silvestri
1367 1693 1461 1735 loco

106 1756 258 1808 positis
291 1759 547 1796 nocturnum
580 1756 717 1810 frigus
750 1756 1043 1797 vehementius
1078 1768 1205 1808 quam
1236 1753 1340 1794 alias
1368 1753 1461 1794 hor—

203 1890 222 1918 2
250 1885 365 1930 haud]
393 1887 457 1918 aut
482 1888 522 1919 R.
669 1895 757 1918 sane
784 1896 918 1929 operae
948 1884 1108 1918 Giunta:
1143 1882 1222 1916 sine
1249 1892 1359 1926 opere
1386 1885 1461 1915 AB.

108 1938 127 1965 3
154 1932 396 1966 finitimarum
429 1933 560 1976 scripsi
569 1947 575 1966 :
618 1943 768 1966 suarum
794 1935 871 1966 AR.
1006 1934 1026 1963 4
1053 1929 1223 1975 tertium]
1255 1930 1412 1964 tercium
1438 1933 1463 1962 L

108 1992 150 2014 m.
168 1992 226 2024 pr.
311 1984 330 2013 5
357 1980 542 2024 genitum]
569 1979 738 2024 gentium
764 1983 804 2014 V.
885 1980 1132 2013 memorantes
1159 1989 1225 2012 om.
1246 1981 1286 2011 R.
1369 1981 1387 2010 6
1410 1979 1464 2011 at-

107 2028 194 2072 que]
222 2027 343 2071 adque
370 2031 404 2061 L.
527 2027 644 2072 fama]
671 2027 770 2062 fame
793 2031 818 2060 P
841 2040 882 2061 m.
900 2038 958 2071 pr.
1081 2029 1101 2059 8
1128 2024 1321 2070 itinerum]
1348 2024 1464 2059 itene—

107 2086 188 2108 rum
213 2078 253 2108 R.
364 2078 383 2108 9
412 2074 729 2118 Hephaestionem
757 2075 912 2118 Cospus:
947 2073 1203 2117 ephestionem
1229 2076 1268 2106 A.
1379 2072 1463 2106 Per-

108 2122 254 2167 diccan]
287 2122 465 2166 perdican
491 2126 515 2155 L
544 2134 585 2156 m.
607 2134 667 2166 pr.
689 2126 761 2156 PV.
896 2126 938 2156 15
963 2121 1046 2164 Ipse
1074 2120 1220 2164 Stangl:
1254 2122 1339 2164 post
1365 2130 1403 2154 se
1425 2122 1463 2153 A.

110 2173 150 2202 17
179 2170 432 2214 occurrerunt]
465 2171 660 2203 occurrent
693 2173 714 2202 C
747 2170 937 2215 [occurent
963 2169 1016 2214 L].
1147 2171 1190 2201 20
1216 2178 1262 2201 ne
1289 2167 1364 2212 cui]
1396 2178 1462 2201 nec

109 2216 167 2250 cui
199 2220 234 2250 P.
358 2221 401 2251 2⁴2
435 2217 646 2262 moenibus]
682 2217 898 2251 moeniebus
931 2220 967 2249 P.
1091 2215 1247 2260 sagitta]
1284 2215 1407 2259 sagita
1439 2218 1463 2246 L

107 2276 151 2297 m.
169 2264 255 2307 pn?
274 2268 308 2297 P.
431 2265 543 2309 ictus]
570 2264 666 2298 ictus
693 2267 750 2299 est
775 2268 800 2297 P
822 2277 863 2299 m.
885 2275 949 2299 sec.
1074 2262 1182 2306 Cepit
1206 2266 1239 2296 1:
1275 2261 1398 2306 coepit
1424 2264 1462 2294 A.

109 2315 152 2344 ‘25
174 2310 352 2354 NysamB
373 2323 480 2346 corr:
501 2312 622 2346 nisam
636 2315 675 2346 A.
747 2316 790 2346 27
817 2311 1088 2355 vehementius]
1109 2309 1341 2344 ueementius
1356 2313 1390 2342 L.

110 2358 272 2403 horrore]
299 2358 446 2393 horrere
473 2362 509 2392 B.
