1610 2522
356 105 690 140 HISTORJARLM
719 106 999 140 ALEXANDRJ
1028 107 1140 151 VIIII,
1168 112 1199 142 4.
1368 108 1453 149 323

99 217 425 270 nongentaeque
458 215 698 271 quadrigae.
750 215 809 256 At
828 215 1091 270 Macedones,
1124 218 1197 270 qui
1230 217 1346 257 omni
1374 218 1456 258 dis·
1485 229 1526 258 16

101 274 275 315 crimine
315 275 397 314 iam
437 273 658 315 defunctos
698 289 742 315 se
775 289 864 316 esse
897 275 1185 328 crediderant,
1225 279 1455 330 postquam

99 334 313 388 integrum
346 333 506 375 bellum
541 348 636 375 cum
669 334 944 376 ferocissimis
978 333 1122 376 Indiae
1155 335 1357 391 gentibus
1391 351 1456 376 su-

99 407 266 448 peresse
300 396 608 447 cognoverunt,
648 394 866 447 inproviso
898 396 1013 435 metu
1048 395 1185 435 territi
1218 410 1363 436 rursus
1397 410 1456 436 se-

63 452 266 493 5ditiosis
310 452 485 493 vocibus
528 467 671 507 regem
712 454 929 507 increpare
974 457 1220 508 coeperunt:
1280 453 1455 510 Gangen
1485 466 1525 496 17

99 526 267 552 amnem
294 514 347 565 et,
381 526 487 565 quae
512 512 626 552 ultra
653 515 805 566 essent,
835 515 1028 555 coactum
1056 514 1344 554 transmittere
1370 529 1455 554 non

98 574 238 611 tamen
272 571 428 625 finisse,
461 570 531 611 sed
565 574 752 613 mutasse
778 572 950 614 bellum.
1001 571 1228 614 Indomitis
1254 574 1455 628 gentibus

100 644 142 671 se
188 630 395 684 obiectos,
440 633 488 670 ut
533 632 739 685 sanguine
778 645 853 672 suo
894 632 1108 686 aperirent
1150 633 1186 673 ei
1227 631 1454 674 Oceanum.

99 689 227 730 Trahi
261 693 381 731 extra
413 690 549 730 sidera
581 693 623 730 et
655 690 786 731 solem
820 691 1001 745 cogique
1034 691 1167 745 adire⁷
1207 706 1313 746 quae
1345 706 1454 733 mor-
1484 704 1526 734 18

46 764 79 790 ιο
99 748 248 789 talium
283 748 416 790 oculis
448 752 600 790 natura
639 750 899 792 subduxerit.
963 750 1098 792 Novis
1132 751 1362 792 identidem
1395 767 1455 792 ar-

98 808 178 850 mis
219 822 353 849 novos
393 808 538 849 hostes
580 809 770 850 existere.
843 810 958 859 Quos
998 813 1045 850 ut
1088 825 1233 851 omnes
1274 811 1458 852 fundant

98 868 346 922 fugentque,
379 867 491 921 quod
518 868 754 921 praemium
780 870 899 923 ipsos
926 869 1124 911 manere?
1151 870 1377 926 caliginem
1408 884 1457 911 ac

98 926 295 968 tenebras
340 930 382 967 et
423 931 672 981 perpetuam
718 931 885 970 noctem
924 929 1139 983 profundo
1182 930 1456 970 incubantem

99 986 224 1039 mari,
266 985 476 1040 repletum
516 987 749 1028 inmanium
791 988 1012 1029 beluarum
1050 989 1254 1044 gregibus
1286 990 1457 1044 fretum,

45 1062 78 1087 15
98 1045 324 1086 inmobiles
356 1046 507 1099 undas,
550 1046 592 1087 in
627 1047 782 1100 quibus
816 1048 1025 1089 emoriens
1058 1052 1211 1089 natura
1243 1045 1454 1090 defecerit.

99 1104 189 1145 Rex
222 1119 307 1146 non
335 1119 420 1159 sua,
454 1105 524 1146 sed
552 1106 738 1147 militum
765 1107 1053 1148 sollicitudine
1080 1108 1229 1149 anxius
1257 1108 1455 1149 contione
1483 1119 1525 1150 19

99 1164 303 1205 advocata
325 1164 448 1206 docet
470 1164 646 1206 inbelles
668 1180 769 1219 esse,
792 1180 898 1220 quos
920 1169 1122 1208 metuant.
1159 1166 1283 1208 Nihil
1304 1167 1454 1209 deinde

98 1226 265 1277 praeter
296 1223 374 1264 has
406 1227 554 1279 gentes
588 1225 775 1277 obstare,
807 1226 1035 1279 quominus
1068 1229 1277 1267 terrarum
1318 1227 1455 1281 spatia

98 1283 258 1324 emensi
291 1283 343 1323 ad
380 1283 508 1324 finem
542 1284 669 1324 simul
703 1285 850 1326 mundi
881 1285 1162 1339 laborumque
1194 1287 1453 1340 perveniant.

45 1359 79 1384 20
102 1342 367 1384 Concessisse
405 1343 491 1384 illis
529 1344 817 1385 metuentibus
851 1342 1027 1400 Gangen
1060 1350 1101 1386 et
1134 1345 1455 1386 multitudinem
1482 1357 1526 1387 20

97 1401 332 1455 nationum,
366 1416 472 1455 quae
504 1402 617 1443 ultra
643 1417 810 1444 amnem
838 1407 994 1446 essent:
1027 1404 1260 1446 declinasse
1287 1406 1368 1446 iter
1393 1419 1455 1458 eo,

99 1461 172 1501 ubi
203 1476 282 1515 par
313 1461 459 1516 gloria,
491 1462 632 1502 minus
659 1461 895 1516 periculum
923 1466 1044 1504 esset.
1095 1462 1185 1504 Iam
1212 1464 1454 1518 prospicere
1481 1475 1524 1505 21

100 1535 144 1561 se
176 1518 409 1574 Oceanum,
450 1521 534 1561 iam
575 1521 752 1575 perflare
790 1522 843 1563 ad
879 1523 997 1576 ipsos
1037 1537 1181 1564 auram
1216 1524 1362 1565 maris:
1401 1538 1454 1565 ne

100 1579 339 1620 inviderent
371 1580 453 1620 sibi
484 1580 664 1634 laudem,
698 1596 826 1635 quam
854 1584 1025 1635 peteret.
1090 1581 1288 1624 Herculis
1321 1585 1363 1623 et
1388 1583 1455 1624 Li-

46 1656 79 1681 25
99 1638 188 1679 beri
220 1638 360 1680 Patris
397 1639 602 1681 terminos
644 1642 898 1681 transituros
931 1641 1047 1696 illos,
1091 1642 1180 1697 regi
1214 1657 1290 1683 suo
1323 1656 1454 1696 parvo

100 1697 301 1751 inpendio
335 1698 687 1740 inmortalitatem
719 1700 857 1740 famae
891 1700 1076 1742 daturos.
1127 1701 1380 1743 Paterentur
1412 1716 1454 1742 se

30 1761 75 1795 17
100 1772 150 1798 ex
177 1756 297 1797 India
315 1757 463 1810 redire,
489 1773 574 1799 non
595 1759 753 1814 fugere.
787 1758 934 1800 Omnis
956 1760 1187 1802 multitudo
1209 1764 1250 1802 et
1270 1761 1455 1802 maxime
1482 1772 1525 1802 22

100 1816 297 1857 militaris
330 1816 503 1858 mobilis
536 1818 699 1871 impetu
725 1818 914 1860 effertur:
948 1819 1008 1860 ita
1035 1819 1256 1862 seditionis
1281 1835 1367 1860 non
1394 1835 1453 1861 re-

197 1937 214 1966 1
243 1932 305 1978 At]
334 1932 380 1965 ad
407 1936 443 1966 F.
532 1936 551 1966 4
578 1933 764 1978 inproviso
790 1939 815 1968 L
836 1947 879 1969 m.
901 1946 984 1970 rec:
1012 1936 1207 1980 inprouisu
1234 1940 1272 1969 A.
1359 1936 1455 1970 sedi-

100 1980 220 2025 tiosis]
261 1979 451 2014 sediciosis
490 1985 514 2013 L
546 1993 591 2015 m.
615 1993 674 2025 pr.
708 1986 744 2015 P.
890 1987 910 2017 5
950 1984 1165 2029 coeperunt]
1206 1986 1385 2028 ceperunt
1415 1988 1451 2018 F.

102 2031 122 2061 6
149 2030 318 2061 coactum
342 2028 565 2063 Glareanus:
587 2030 733 2063 coactos
752 2033 791 2062 A.
884 2031 1153 2077 transmittere]
1173 2032 1408 2065 transmitere
1428 2036 1453 2064 L

102 2086 145 2108 m.
159 2086 227 2118 pn,
240 2076 478 2109 transmisere
492 2079 531 2109 V.
609 2080 626 2109 7
641 2077 782 2123 tamen]
796 2079 935 2111 tamem
948 2082 983 2112 L.
1059 2079 1123 2112 sed
1140 2079 1319 2124 muta-sse]
1335 2090 1399 2113 0711.
1416 2083 1451 2112 P.

104 2126 146 2155 10
161 2121 379 2155 subduxerit
392 2123 603 2158 Acidalius:
620 2124 846 2158 subduxerat
860 2128 898 2158 A.
953 2130 994 2159 12
1010 2125 1226 2171 caliginem]
1242 2126 1401 2171 caligine
1413 2130 1452 2160 V.

103 2174 144 2202 13
158 2171 377 2213 perpetuam
388 2172 532 2204 noctem
542 2174 575 2205 1:
591 2173 772 2215 perpetua
783 2174 891 2206 nocte
899 2175 938 2206 A.
991 2176 1033 2206 16
1047 2173 1191 2218 anxius]
1206 2174 1358 2207 anexius
1366 2178 1404 2207 V.

104 2216 288 2262 contione]
305 2217 480 2251 concione
492 2221 565 2251 PV.
637 2223 678 2252 12³·
700 2219 838 2265 spatia]
860 2220 988 2263 spacia
1007 2224 1047 2256 V,
1068 2221 1165 2264 spati
1186 2224 1222 2254 F.
1288 2225 1329 2254 19
1351 2221 1454 2255 labo-

101 2274 256 2306 rumque
276 2268 308 2297 1:
337 2263 575 2308 laboremque
595 2269 634 2299 A.
693 2269 737 2299 20
761 2267 1005 2301 Concessisse
1025 2269 1170 2312 scripsi:
1192 2268 1345 2302 cessisse
1366 2272 1405 2302 A.

103 2310 154 2355 et]
171 2322 214 2343 ex
227 2314 263 2344 P.
314 2315 355 2345 21
373 2313 534 2358 amnem]
550 2323 684 2347 annem
698 2317 757 2346 FP
771 2326 815 2348 m.
831 2326 883 2356 er.
942 2314 1163 2361 declinasse]
1180 2315 1403 2349 declinasset
1416 2319 1450 2348 P.

104 2360 147 2391 28
167 2357 316 2391 mobilis
336 2360 480 2402 scripsi:
508 2360 639 2394 mobili
659 2363 697 2395 A.
797 2360 948 2395 effertur
969 2363 1199 2397 Vindelinus:
1228 2363 1394 2396 adfertur
1413 2365 1452 2396 A.

1172 2421 1241 2454 21*
