1610 2522
110 327 129 355 6

105 924 124 952 (1)

84 1042 124 1071 10

84 1400 119 1429 11

85 1997 122 2026 13

156 87 213 126 M)
655 90 694 127 Q.
723 86 862 120 (ῚῖκἸΊ
896 86 1000 120 1117191

158 195 255 236 (111111
309 195 404 236 belli
450 195 643 236 cladibus
691 195 794 236 satis
843 195 993 236 domiti
1039 194 1389 249 aspernabantur:
1435 196 1505 237 sed

157 255 350 296 celeriter
383 255 546 296 subacti
590 254 864 296 oboedienter
897 255 1103 309 imperata
1141 255 1340 296 fecerunt.
1404 254 1503 296 Ara·

160 315 236 355 dus
264 330 433 369 quoque
462 314 601 355 insula
627 314 796 355 deditur
824 314 922 368 regi.
977 313 1232 356 Maritimam
1269 317 1357 356 tum
1388 330 1502 356 oram

157 377 197 415 et
232 375 431 428 pleraque
466 373 635 427 longius
669 374 795 415 etiam
836 389 859 414 a
899 374 1004 415 mari
1038 373 1274 415 recedentia
1313 389 1382 415 rex
1417 375 1506 416 eius

158 433 330 487 insulae,
359 432 514 487 Strato,
542 433 800 487 possidebat:
835 448 919 487 quo
948 433 987 474 in
1017 433 1139 474 fidem
1169 437 1340 487 accepto
1368 436 1506 475 castra

155 494 289 535 movit
329 493 381 534 ad
420 493 566 534 urbem
601 493 836 534 Marathon.
900 492 964 534 Ibi
1006 492 1068 534 illi
1107 493 1271 534 litterae
1310 509 1333 533 a
1368 492 1504 534 Dareo

156 553 402 606 redduntur,
429 553 583 608 quibus
611 555 658 594 ut
684 552 861 606 superbe
889 552 1058 607 scriptis
1082 552 1350 594 vehementer
1378 553 1504 594 offen-

154 627 226 654 sus
259 614 339 654 est:
374 614 595 667 praecipue
629 627 724 653 eum
760 612 906 666 movit,
938 612 1048 666 quod
1085 611 1246 653 Dareus
1280 612 1358 654 sibi
1393 613 1504 667 regis

154 673 325 713 titulum
377 687 451 713 nec
497 672 674 713 eundem
723 671 954 713 Alexandri
1007 671 1168 713 nomini
1213 672 1503 726 adscripserat.

155 731 405 773 Postulabat
450 735 590 773 autem
637 732 771 785 magis
818 746 943 786 quam
996 731 1184 786 petebat,
1235 734 1281 772 ut
1332 735 1505 787 accepta

154 791 343 845 pecunia,
377 794 765 846 quantamcumque
799 794 889 832 tota
922 790 1169 832 Macedonia
1202 794 1387 846 caperet,
1420 806 1503 833 ma·

154 855 259 892 trem
294 851 374 892 sibi
409 854 450 892 et
477 851 701 907 coniugem
728 851 969 904 liberosque
998 851 1256 892 restitueret:
1291 851 1340 892 de
1372 866 1504 907 regno

153 925 305 965 aequo,
345 911 378 951 si
421 910 563 964 vellet,
603 911 738 952 Marte
771 910 1053 952 contenderet.
1119 910 1161 951 Si
1203 911 1371 952 saniora
1409 925 1503 952 con-

153 970 247 1011 silia
275 971 445 1012 tandem
479 970 566 1024 pati
595 970 817 1024 potuisset,
852 974 895 1011 ut
920 973 1145 1012 contentus
1172 970 1310 1024 patrio
1339 970 1506 1012 cederet

152 1029 277 1071 alieni
312 1030 478 1085 imperii
513 1029 681 1082 finibus,
721 1030 860 1072 socius
899 1031 1145 1083 amicusque
1185 1033 1304 1071 esset.
1368 1028 1415 1071 In
1457 1045 1504 1071 ea

153 1105 195 1130 se
222 1090 348 1131 fidem
382 1092 423 1131 et
451 1090 548 1131 dare
581 1092 776 1144 paratum
811 1093 851 1131 et
877 1090 1079 1144 accipere.
1134 1088 1290 1130 Contra
1324 1088 1503 1131 Alexan-

151 1150 224 1191 der
251 1150 292 1191 111
321 1150 436 1191 hunc
464 1150 646 1190 maxime
674 1149 846 1191 modum
874 1149 1107 1204 rescripsit:
1137 1148 1243 1190 ‘Rex
1264 1148 1503 1191 Alexander

153 1209 289 1251 Dareo
319 1209 358 1251 S.
393 1208 522 1250 Cuius
559 1224 712 1250 nomen
747 1209 979 1264 sumpsisti,
1014 1208 1174 1250 Dareus
1203 1207 1398 1263 Graecos,
1430 1210 1502 1263 qui

152 1284 267 1310 oram
296 1269 566 1324 Hellesponti
593 1271 750 1322 tenent,
776 1269 1052 1323 coloniasque
1077 1268 1334 1310 Graecorum
1362 1267 1502 1310 Ionias

151 1330 266 1370 omni
301 1329 417 1370 clade
447 1329 640 1381 vastavit,
674 1343 769 1370 cum
803 1343 957 1384 magno
991 1328 1139 1369 deinde
1168 1328 1353 1369 exercitu
1389 1343 1502 1370 mare

151 1389 316 1430 traiecit
355 1389 488 1430 inlato
523 1388 793 1430 Macedoniae
833 1391 873 1429 et
914 1387 1113 1429 Graeciae
1155 1388 1276 1429 bello.
1340 1387 1502 1430 Rursus

154 1448 309 1490 Xerxes
349 1448 489 1505 gentis
531 1448 714 1489 eiusdem
758 1447 810 1488 ad
843 1448 1153 1503 oppugnandos
1192 1462 1269 1488 nos
1309 1462 1403 1489 cum
1445 1448 1487 1489 in

153 1508 340 1549 manium
381 1508 659 1549 barbarorum
693 1508 827 1562 copiis
867 1507 999 1548 venit:
1049 1507 1120 1561 qui
1159 1507 1299 1548 navali
1339 1506 1502 1561 proelio

150 1568 286 1609 victus
314 1567 582 1609 Mardonium
610 1570 751 1609 tamen
776 1567 949 1621 reliquit
982 1567 1025 1608 in
1053 1565 1238 1620 Graecia,
1271 1569 1318 1607 ut
1350 1566 1500 1608 absens

103 1641 110 1652 ⁵
151 1642 319 1682 quoque
364 1629 642 1682 popularetur
684 1627 826 1681 urbes,
878 1641 1003 1681 agros
1050 1629 1197 1668 ureret.
1252 1625 1536 1681 Philippum-2

152 1702 261 1740 vero,
293 1690 510 1742 parentem
547 1702 698 1739 meum,
731 1687 824 1741 quis
859 1687 1028 1742 ignorat
1061 1685 1111 1727 ab
1147 1686 1196 1726 iis
1232 1686 1500 1727 interfectum

150 1761 250 1799 csse,
285 1761 391 1800 quos
426 1747 609 1801 ingentis
644 1747 844 1800 pecuniae
878 1761 950 1800 spe
979 1745 1311 1787 sollicitaverant
1344 1745 1502 1787 vestri?

149 1805 271 1861 Inpia
316 1807 426 1847 enim
474 1805 584 1847 bella
629 1806 845 1860 suscipitis
891 1808 948 1857 et,
999 1820 1093 1845 cum
1140 1804 1332 1846 babeatis
1375 1820 1501 1858 arma,

151 1865 334 1907 licemini
379 1864 567 1907 hostium
620 1865 778 1919 capita,
829 1865 939 1906 sicut
991 1867 1035 1905 tu
1086 1864 1278 1919 proxime
1330 1864 1500 1906 talentis

152 1925 276 1973 mille,
315 1926 420 1966 tanti
463 1925 672 1966 exercitus
713 1940 803 1977 rex,
844 1938 1134 1978 percussorem
1176 1924 1216 1964 111
1259 1939 1322 1964 me.
1361 1939 1533 1966 emeres

153 1985 334 2026 voluisti.
406 1984 581 2039 Repello
625 1984 758 2039 igitur
799 1983 974 2036 bellum,
1018 1998 1102 2025 non
1146 1983 1288 2024 infero.
1360 1983 1416 2024 Et
1458 1983 1496 2024 di

245 2118 263 2145 3
292 2115 408 2158 eram}
437 2113 563 2147 boram
587 2118 618 2147 C.
719 2118 738 2145 Γ)
767 2113 904 2157 Strato]
934 2114 1048 2146 strate
1069 2115 1106 2145 V.
1206 2116 1224 2144 9
1254 2111 1405 2156 1101111111]
1437 2124 1497 2146 no-

149 2161 246 2194 mine
274 2165 298 2194 P
324 2173 368 2196 ‘m-
388 2173 443 2205 pr.
594 2166 633 2195 14
662 2161 858 2205 potuisset}
892 2160 1074 2204 putuisset
1103 2163 1139 2193 V.
1290 2163 1331 2193 ut
1358 2160 1498 2194 addidi.

152 2212 192 2242 18
219 2208 336 2243 Dareo
359 2210 391 2242 S.
416 2210 572 2253 Ieepins:
608 2209 740 2243 dareus
761 2212 788 2241 A
816 2208 943 2254 [uns
964 2208 1016 2252 131.
1140 2207 1348 2252 sumpsisti}
1376 2219 1498 2251 sump-

149 2256 254 2290 sistid
268 2260 304 2290 V.
385 2261 424 2290 19
444 2257 561 2302 oram]
579 2256 704 2290 horam
719 2261 751 2290 0,
822 2260 865 2290 24
888 2255 1138 2300 Mardonium]
1154 2255 1372 2288 mardonum
1387 2258 1426 2288 V.

149 2303 314 2350 reliquit]
338 2304 494 2347 reliquid
515 2308 553 2338 V.
641 2308 683 2337 25
706 2303 960 2348 popularetur!
989 2302 1223 2346 copularetur
1243 2306 1278 2335 F.
1361 2304 1498 2346 ureret}

148 2351 291 2386 uiueret
319 2355 356 2384 V.
460 2351 686 2396 Philippum]
716 2351 906 2396 philippus
933 2354 969 2384 F.
1069 2354 1111 2384 215
1140 2350 1184 2384 iis
1211 2353 1251 2383 P:
1280 2349 1337 2384 his
1364 2353 1396 2383 C.

1526 453 1558 532 ¹00·

1528 751 1558 776 10

1528 1049 1557 1073 15

1524 1346 1557 1370 20
