1610 2522
75 220 118 249 20

151 97 203 137 ‘IS
656 102 695 140 (2.
724 98 865 133 t'Ult'l'l
896 97 1002 132 ltUFl

146 212 188 248 et
220 209 417 248 extincta.
483 206 529 248 ld
574 208 711 262 ipsum
748 208 949 248 nuntians
983 207 1090 248 alius
1125 208 1381 262 supervenit.
1443 206 1502 249 Et

148 283 217 308 rex
254 267 366 308 haud
399 282 532 320 secus,
565 282 690 321 quam
726 267 758 307 si
788 268 976 322 parentis
1012 282 1123 308 mors
1151 268 1346 308 nuntiata
1379 270 1501 319 esset,

147 327 317 368 crebros
350 326 482 368 edidit
516 327 699 381 gemitus
735 327 1006 381 lacrimisque
1041 327 1213 379 obortis,
1248 327 1384 381 qualis
1419 326 1499 367 Da-

147 402 241 428 reus
275 386 548 441 profudisset,
588 386 629 427 in
664 386 998 439 tabernaculum,
1040 387 1082 427 in
1122 402 1205 441 quo
1241 389 1375 427 mater
1413 389 1503 427 erat

146 446 273 487 Darei
326 446 525 486 defuneto
578 445 773 487 adsidens
825 446 1011 500 corpori,
1063 447 1187 487 venit.
1271 445 1351 486 Hic
1403 460 1501 486 vero
1541 464 1556 489 5

148 509 373 547 renovatus
408 509 470 547 est
503 521 679 559 maeror,
719 509 766 546 ut
800 509 1056 560 prostratam
1091 505 1207 546 humi
1244 505 1360 546 vidit.
1424 504 1501 545 Re-

147 566 259 606 centi
310 565 422 606 malo
474 565 663 619 priorum
714 580 884 619 quoque
930 565 1147 606 admonita
1200 567 1415 620 receperat
1460 565 1502 605 in

146 627 355 679 gremium
419 625 586 666 adultas
652 625 854 680 virgines,
920 640 1071 680 magna
1131 625 1299 679 quidem
1365 624 1500 665 mutui

147 685 305 726 doloris
357 686 536 738 solacia,
587 684 658 725 sed
711 684 865 739 quibus
918 685 1009 738 ipsa
1066 685 1237 726 deberet
1293 699 1382 725 esse
1439 698 1503 725 so-

99 762 107 770 ·
146 745 268 786 111010.
338 743 387 784 In
426 747 657 798 conspectu
703 749 792 785 erat
830 759 962 799 nepos
1008 743 1228 799 parvulus,
1268 744 1321 785 ob
1362 743 1402 784 id
1443 744 1502 797 ip·
1525 763 1558 788 ιο

147 820 238 845 sum
280 803 551 857 miserabilis,
591 804 703 858 quod
742 804 931 845 nondum
972 803 1180 845 sentiebat
1219 804 1501 845 calamitatem

148 880 196 905 ex
246 864 431 905 maxima
476 867 595 918 parte
638 864 689 905 ad
734 864 871 917 ipsum
918 863 1236 904 redundantem.
1303 862 1504 904 Crederes

148 924 436 965 Alexandrum
480 924 590 964 int-er
629 939 724 964 suas
757 923 1090 964 necessitudine-s
1131 923 1229 964 flere
1269 925 1311 963 et
1348 923 1505 964 solacia

147 999 232 1025 non
265 983 477 1037 adhibere,
511 983 581 1024 sed
617 998 827 1037 quaerere.
893 982 998 1024 Cibo
1034 986 1145 1024 certe
1177 983 1383 1024 abstinuit
1417 997 1503 1023 om-

147 1058 327 1098 nemque
360 1043 567 1084 honorem
601 1043 740 1085 funeri
778 1043 917 1097 patrio
952 1043 1175 1083 Persarum
1217 1057 1334 1083 more
1368 1056 1557 1086 serva-15

149 1104 220 1157 vit,
254 1103 420 1158 dignus,
454 1102 643 1157 hercule,
686 1103 758 1156 qui
791 1116 905 1143 nunc
937 1117 1107 1157 quoque
1140 1106 1283 1143 tantae
1316 1105 1356 1142 et
1389 1115 1502 1142 man-

149 1163 384 1204 suetudinis
425 1166 466 1204 et
505 1163 792 1204 continentiae
832 1162 940 1203 ferat
978 1162 1176 1203 fructum.
1241 1160 1379 1203 Semel
1419 1176 1503 1202 om-

146 1224 247 1264 111110
288 1238 378 1264 eam
419 1222 603 1276 viderat,
643 1237 726 1276 quo
771 1222 836 1263 die
880 1224 1001 1275 capta
1041 1224 1122 1275 est,
1160 1235 1237 1262 nec
1277 1225 1322 1262 ut
1355 1222 1504 1275 ipsam,

148 1283 219 1324 sed
258 1287 305 1323 ut
337 1282 463 1323 Darei
505 1285 681 1323 matrem
724 1281 901 1335 videret,
944 1282 1228 1335 eximiamque
1268 1280 1503 1335 pulchritu-

147 1343 287 1383 dinem
309 1343 473 1383 formae
494 1343 582 1383 eius
610 1356 697 1383 non
727 1341 914 1383 libidinis
936 1341 1141 1382 habuerat
1164 1341 1503 1391 invitamentum,
1524 1359 1557 1383 «ιο

147 1403 218 1443 sed
252 1401 424 1457 gloriae.

239 1462 272 1502 E
318 1461 590 1515 spadonibuS,
633 1462 705 1515 (1111
752 1462 862 1502 circa
903 1461 1090 1516 reginam
1134 1463 1266 1513 eraut,
1308 1459 1503 1514 Tyriotes
1525 1463 1574 1499 42

148 1523 257 1563 inter
282 1521 610 1574 trepidationem
637 1521 875 1576 lugentium
903 1520 1070 1574 elapsus
1103 1534 1178 1574 per
1205 1534 1295 1560 eam
1322 1522 1504 1573 portam,

149 1595 274 1635 quae,
311 1581 410 1635 quia
443 1581 494 1622 ab
528 1580 651 1621 hoste
685 1595 831 1622 aversa
865 1583 970 1634 erat,
1003 1580 1138 1620 levius
1172 1578 1504 1631 custodiebatur,

148 1641 197 1682 ad
242 1640 368 1681 Darei
410 1644 548 1682 castra
593 1640 787 1694 pervenit
826 1643 1112 1694 exceptusque
1153 1655 1177 1679 a
1220 1637 1420 1693 vigilibus
1461 1638 1501 1678 111
1524 1656 1557 1680 25

148 1700 470 1742 tabernaculum
514 1701 626 1756 regis
665 1699 914 1754 perducitur
953 1713 1124 1753 gemeus
1166 1702 1205 1739 et
1246 1701 1360 1739 veste
1398 1697 1504 1738 lace-

149 1764 249 1801 rata.
321 1759 453 1808 Quem
497 1763 544 1800 ut
587 1759 809 1813 conspexit
851 1758 1032 1811 Dareus,
1075 1757 1300 1812 multiplici
1344 1757 1503 1798 doloris

148 1820 444 1874 expectatione
487 1822 727 1861 commotus
769 1822 830 1872 61,
871 1818 972 1872 quid
1013 1818 1281 1871 potissimum
1322 1817 1503 1869 timeret,

148 1881 354 1920 incertus:
404 1878 608 1932 ‘Vultus’,
651 1879 808 1933 inquit,
851 1878 965 1919 ‘tuus
1011 1877 1152 1918 nescio
1196 1876 1309 1931 quod
1355 1876 1503 1931 ingens

151 1939 305 1980 malum
342 1938 538 1992 praefert,
572 1938 644 1979 sed
677 1953 777 1980 cave
810 1938 951 1979 miseri
987 1937 1172 1978 hominis
1206 1936 1376 1977 auribus
1410 1950 1502 1989 par·
1522 1954 1556 1978 :so

147 2014 233 2040 cas:
274 1998 399 2039 didici
436 2013 524 2039 esse
560 1997 720 2051 infelix,
761 2001 801 2039 et
843 2012 966 2052 saepe
1000 1995 1254 2039 calamitatis
1295 1994 1500 2036 solacium

246 2134 260 2161 1
291 2130 328 2162 et
348 2133 386 2161 C:
415 2139 480 2162 om.
502 2131 527 2160 P
552 2139 593 2161 ηι.
611 2139 669 2171 pr.
752 2130 770 2160 9
799 2126 950 2171 solacia]
980 2125 1113 2160 solatia
1139 2128 1174 2158 P.
1256 2124 1352 2168 ipsa]
1380 2123 1458 2167 ipse
1478 2126 1503 2156 P

84 2165 90 2172 ’
147 2188 191 2210 m.
208 2188 266 2220 pr.
390 2175 544 2220 solacio]
571 2174 704 2209 solatio
732 2178 800 2208 FP.
925 2178 962 2207 11
993 2171 1230 2218 miserabilis]
1258 2171 1439 2204 mirabilis
1468 2174 1500 2204 1..

152 2229 190 2256 12
220 2224 277 2268 ex]
307 2224 343 2256 et
364 2227 398 2257 P.
502 2228 542 2256 13
570 2221 724 2267 solacia]
752 2222 885 2255 solatia
911 2225 950 2256 V.
1062 2225 1102 2254 14
1130 2219 1322 2264 quaerere]
1350 2229 1502 2262 sequere

149 2275 174 2303 F
197 2284 238 2304 m.
257 2282 314 2314 pr.
416 2274 457 2304 16
484 2272 611 2304 tantae
641 2270 885 2315 Bnuyarsius:
913 2271 1058 2303 tantum
1085 2271 1124 2302 Δ.
1212 2270 1255 2301 29
1283 2266 1421 2311 inquit]
1448 2266 1503 2299 iu-

149 2318 237 2362 quid
265 2322 324 2351 FP
347 2330 388 2352 ηιΔ
407 2331 463 2363 pr.
485 2321 523 2352 V.
619 2318 719 2362 tuus]
746 2319 853 2351 tuens
874 2320 914 2351 V.
1013 2320 1052 2349 31
1084 2314 1326 2359 calamitatis]
1353 2313 1502 2347 calami-

150 2367 244 2400 tat-»s
272 2370 296 2398 P
319 2379 348 2399 m
379 2380 434 2410 μ-ν.
