1610 2522
137 84 192 121 8ss
639 88 678 126 Q.
707 85 847 119 ‹'nR.'r1
878 85 984 120 RUFI

137 198 276 235 vetere
327 195 464 246 «gloria
516 195 809 249 maiorumque
862 197 1148 237 monumentis
1195 196 1486 239 fortitudinem

67 264 108 294 13
139 254 405 308 inspirarent..
468 253 525 295 Et
560 255 766 308 profecto,
799 255 832 295 si
868 269 949 309 qua
985 255 1150 296 divinae
1183 256 1277 310 opis
1311 258 1488 312 auguria

63 563 103 593 14

60 921 100 950 15

58 1100 99 1129 16

59 1458 98 1487 1?

54 1697 95 1727 18

53 1936 93 1966 19

136 313 319 354 humana
370 316 510 355 mente
563 314 727 368 concipi
782 317 974 368 possent,
1025 315 1124 356 deos
1176 318 1287 356 stare
1333 330 1486 358 secum.

136 372 236 414 Illos
270 388 405 428 nuper
430 372 709 415 Macedonum
745 374 898 415 animis
932 374 1114 416 subitam
1146 375 1372 417 incussisse
1404 376 1487 418 for-

134 432 349 486 midinem,
382 433 518 474 adhuc
546 432 792 488 lymphatos
820 434 919 475 ferri
948 435 1102 489 agique
1130 450 1245 476 arma
1272 435 1486 490 iacientes,
1525 453 1540 478 5

133 494 330 547 expetere
363 493 576 546 praesides
610 493 832 535 Persarum
866 493 1033 547 imperii
1067 494 1231 536 debitas
1264 510 1285 535 e
1320 509 1486 536 vaecor-

132 552 256 593 dibus
308 567 478 606 poenas.
558 551 649 594 Nec
709 553 846 607 ipsum
906 553 1055 595 ducem
1108 554 1317 596 saniorem
1376 569 1484 597 esse:

132 611 290 666 quippe
329 613 414 653 ritu
455 613 641 653 ferarum
681 612 876 667 praedam
919 613 1057 667 modo,
1097 628 1221 667 quam
1257 617 1485 668 expeteret,

130 671 367 713 intuentem
413 672 455 712 in
502 671 754 726 perniciem,
805 687 912 726 quae
957 675 1054 714 ante
1099 673 1296 727 praedam
1344 674 1485 728 posita

129 733 250 783 esset,
283 731 506 773 incurrere.
1506 751 1538 776 ιο

220 790 382 832 Similis
426 791 538 845 apud
580 790 833 833 Macedones
879 806 1051 846 quoque
1094 791 1340 834 sollicitudo
1382 796 1484 846 erat,

129 853 382 904 noctemque
428 852 545 892 velut
583 851 625 891 in
666 865 758 892 eam
799 851 1028 893 certamine
1068 852 1204 893 edicto
1244 855 1357 893 metu
1392 867 1484 907 ege-

130 913 238 951 runt.
304 910 545 951 Alexander
579 925 661 951 non
696 911 800 952 alias
834 911 971 965 magis
1005 912 1179 953 territus
1218 911 1269 952 ad
1302 915 1403 953 vota
1443 915 1484 953 et

128 984 274 1024 preces
295 969 597 1011 Aristandrum
626 971 768 1012 vocari
796 970 923 1012 iubet.
987 969 1064 1012 [lle
1091 970 1134 1012 in
1163 971 1342 1013 candida
1369 976 1482 1013 veste

128 1029 333 1071 verbenas
361 1044 489 1071 manu
517 1029 761 1084 praeferens
788 1030 926 1084 capite
954 1030 1092 1072 velato
1119 1031 1313 1085 praeibat
1339 1045 1482 1085 preces
1505 1049 1536 1074 15

127 1090 217 1144 regi
244 1088 389 1130 Iovem
417 1088 739 1144 Minervamque
767 1089 1004 1132 Victoriam
1033 1090 1300 1145 propitianti.
1364 1090 1483 1132 Tunc

127 1149 296 1202 quidem
338 1149 548 1191 sacrificio
591 1150 671 1190 rite
709 1152 952 1204 perpetrato
991 1150 1202 1204 reliquum
1243 1151 1382 1192 noctis
1415 1151 1483 1192 ad-

127 1208 351 1262 quieturus
394 1209 436 1250 in
479 1209 798 1251 tabernaculum
841 1209 976 1250 rediit.
1042 1210 1123 1251 Sed
1165 1224 1243 1251 nec
1285 1224 1481 1251 somnum

126 1283 274 1323 rapere
308 1283 385 1310 nec
418 1268 603 1323 quietem
638 1270 728 1323 pati
755 1271 939 1323 poterat:
973 1269 1100 1311 modo
1134 1283 1155 1310 e
1189 1269 1288 1323 iugo
1323 1270 1481 1311 montis

126 1328 257 1369 aciem
293 1330 333 1369 in
369 1329 563 1369 dextrum
598 1328 822 1370 Persarum
859 1343 990 1371 cornu
1024 1329 1245 1370 demittere
1278 1329 1481 1384 agitabat,
1502 1347 1535 1372 20

124 1387 250 1429 modo
278 1391 392 1429 recta
418 1388 559 1429 fronte
587 1403 837 1430 concurrere
865 1388 990 1442 hosti,
1018 1388 1229 1429 interdum
1260 1389 1480 1442 haesitare,

128 1463 179 1488 an
225 1447 370 1502 potius
422 1448 465 1488 in
515 1449 681 1489 laevum
729 1448 1000 1502 detorqueret
1053 1463 1214 1503 agmen.
1291 1448 1476 1490 Tandem

124 1510 349 1558 gravatum
395 1507 526 1548 animi
567 1508 780 1549 anxietate
826 1522 980 1562 corpus
1023 1507 1149 1549 altior
1191 1522 1365 1549 somnus
1408 1523 1480 1563 op-

125 1567 289 1620 pressit.

213 1625 388 1680 Iamque
414 1627 508 1668 luce
536 1630 627 1668 orta
656 1627 782 1668 duces
816 1626 867 1668 ad
895 1626 1142 1680 accipienda
1170 1626 1349 1681 imperia
1382 1641 1478 1669 con·
1499 1630 1550 1666 49

123 1689 326 1727 venerant
341 1686 515 1728 insolito
529 1686 639 1728 circa
655 1687 915 1740 praetorium
932 1686 1100 1728 silentio
1114 1687 1304 1728 attoniti:
1321 1687 1478 1742 quippe
1499 1704 1532 1729 26

123 1744 226 1787 alias
269 1760 482 1787 accersere
524 1746 639 1800 ipsos
682 1750 724 1787 et
764 1746 975 1787 interdum
1017 1749 1231 1787 morantes
1271 1746 1478 1802 castigare

123 1805 389 1858 adsueverat,
431 1809 533 1848 tunc
572 1821 624 1847 ne
662 1805 815 1848 ultimo
850 1805 1019 1860 quidem
1061 1820 1201 1846 rerum
1235 1806 1478 1847 discrimine

122 1865 353 1907 excitatum
397 1879 487 1906 esse
528 1866 793 1907 mirabantur
841 1868 882 1906 et
920 1880 1004 1906 non
1054 1879 1202 1906 somno
1251 1865 1478 1919 quiescere,

123 1925 194 1965 sed
229 1939 385 1979 pavore
418 1940 606 1967 marcere
640 1924 879 1967 credebant.
942 1923 1041 1965 Non
1074 1927 1214 1966 tamen
1250 1924 1473 1979 quisquam
1497 1943 1530 1967 so

219 2022 233 2051 1
263 2018 518 2062 maiorumque
540 2019 769 2053 Frwaecinns:
798 2018 1049 2062 maioremque
1074 2021 1112 2051 A.
1189 2022 1207 2052 2
1235 2017 1476 2064 inspirarent]

120 2065 349 2109 inspicarent
369 2069 407 2099 V.
484 2069 503 2099 3
531 2066 635 2112 deos]
657 2066 725 2100 deo
746 2069 781 2099 P.
858 2070 877 2098 4
905 2065 1006 2111 Illos]
1029 2065 1102 2099 illis
1123 2069 1158 2099 L.
1235 2070 1254 2099 5
1282 2065 1475 2111 iacientes]

121 2113 277 2148 iacintes
292 2117 331 2147 V.
406 2119 425 2146 ‘A
441 2113 658 2159 perniciem]
675 2113 871 2157 pernitiem
887 2117 925 2147 V.
1002 2118 1042 2147 12
1059 2115 1156 2158 eam}
1177 2126 1241 2147 ea*
1257 2117 1294 2156 P,
1309 2124 1352 2147 ea
1366 2116 1474 2147 BLV.

123 2166 163 2194 14
185 2161 445 2196 Aristandrum
462 2161 597 2195 Aldu-s:
621 2161 850 2195 aristandum
872 2164 899 2194 A
921 2161 1159 2205 [aristantum
1173 2162 1228 2207 VJ.
1307 2165 1348 2195 15
1370 2171 1475 2205 prae-

119 2208 256 2255 ferens]
278 2208 493 2252 praeferans
508 2212 547 2242 V.
626 2212 666 2241 1ss
694 2209 771 2252 regi
794 2209 1004 2243 Acidalius:
1026 2209 1123 2253 regis
1142 2212 1180 2242 A.
1256 2208 1475 2243 Minervam-

120 2257 207 2301 que]
234 2256 514 2300 minannmque
535 2260 570 2289 P.
650 2260 689 2289 19
717 2257 879 2301 poterat]
902 2258 1074 2300 poterant
1093 2259 1132 2290 V.
1208 2260 1251 2289 20
1279 2255 1475 2290 demittere

122 2304 341 2338 Frobenius:
370 2303 557 2338 dimittere
585 2306 623 2336 Δ.
724 2307 764 2337 21
794 2303 908 2349 hosti]
943 2304 1012 2338 osti
1040 2307 1064 2337 P
1090 2316 1132 2338 m.
1149 2315 1206 2348 pr.
1306 2308 1349 2337 ‘25
1377 2304 1474 2350 orta]

120 2351 226 2385 horta
253 2355 288 2385 P.
388 2355 432 2385 30
460 2363 593 2396 pavore
621 2354 798 2397 marcere]
826 2362 1002 2395 pauorem
1029 2362 1213 2386 arcessere
1240 2355 1265 2384 F
1288 2363 1401 2396 impr.
