1610 2522
66 428 107 457 14

67 606 107 635 15

66 842 107 872 16

66 1080 107 1110 17

68 1257 107 1288 18

67 1554 108 1585 19

65 1674 108 1704 20

136 128 221 169 3ῖὸ
640 125 679 168 Q.
707 124 850 161 CURTI
877 127 988 161 RUFI

135 250 309 292 prorsus
343 239 407 278 est
435 235 634 289 suboles,’
668 235 821 289 inquit,
855 236 980 289 ‘quae
1006 234 1286 277 Macedonum
1314 234 1493 290 imperet

136 296 271 351 renti,
310 295 509 337 Roxanes
543 294 607 336 vel
641 294 840 336 Barsines
873 295 1007 349 filius,
1052 295 1171 335 cuius
1203 308 1358 335 nomen
1391 308 1492 348 quo-

136 370 217 409 que
250 355 465 409 Europam
501 355 661 396 discere
693 354 859 409 pigebit
891 354 1050 395 maiore
1083 369 1134 395 ex
1165 357 1283 408 parte
1316 353 1491 418 captivi!

136 415 234 468 Est,
268 429 342 455 cur
373 414 524 455 Persas
558 414 804 466 vicerimus,
837 417 883 454 ut
915 414 1036 468 stirpi
1071 428 1216 454 eorum
1249 413 1493 466 serviamus,

136 474 249 528 quod
294 474 395 514 iusti
441 473 503 515 illi
542 488 599 514 re
590 488 680 527 res,
725 473 887 513 Dareus
927 476 968 514 et
1004 473 1177 526 Xerxes,
1222 475 1287 514 tot
1327 472 1492 514 milium
1530 490 1545 515 5

135 533 378 589 agminibus
420 533 635 587 tantisque
677 532 884 573 classibus
926 533 1186 587 nequiquam
1218 530 1493 586 petiverunt?

136 593 231 633 Mea
263 593 473 634 sententia
504 592 608 634 haec
641 594 716 645 est,
748 595 795 632 ut
828 592 924 632 sede
948 591 1216 632 Alexandri
1206 606 1251 632 111
1277 591 1394 646 regia
1419 604 1492 645 po-

137 654 236 706 sita,
277 653 350 706 qui
383 651 571 693 consiliis
605 651 695 692 eius
729 651 1057 704 adhibebantur,
1096 654 1264 704 coeant,
1297 651 1493 704 quotiens

136 712 178 753 in
212 726 434 753 commune
467 711 663 752 consulto
698 724 805 765 opus
837 710 983 764 fuerit,
1022 724 1173 764 eoque,
1213 709 1324 764 quod
1358 710 1495 750 maior

135 786 231 837 pars
274 785 419 812 eorum
459 770 706 823 decreverit,
751 773 906 823 stetur,
948 770 1074 811 duces
1107 770 1395 834 praefectique
1428 783 1548 812 co-1o

135 831 301 885 piarum
346 830 412 871 his
456 829 660 884 pareant.’
743 828 990 870 Ptolomaeo
1037 828 1226 882 quidam,
1271 828 1494 883 pauciores

135 890 361 931 Perdiccae
406 890 766 931 adsentiebantur.
839 888 944 931 Tum
992 888 1221 929 Aristonus
1266 902 1386 930 orsus
1431 890 1496 929 est

136 950 285 1003 diceie,
318 948 609 991 Alexandrum
643 948 897 1001 consultum,
925 948 991 989 cui
1021 947 1280 1013 relinqueret
1305 961 1496 1003 regnum,

135 1010 322 1051 voluisse
348 1009 557 1062 optimum
586 1008 732 1063 deligi.
761 1007 993 1049 iudicatum
1021 1011 1160 1048 autem
1188 1006 1239 1048 ab
1268 1007 1360 1061 ipso
1385 1005 1495 1060 opti-

136 1084 248 1110 mum
284 1068 542 1121 Perdiccam,
578 1067 644 1109 cui
678 1068 850 1108 anulum
884 1067 1137 1108 tradidisset.
1200 1065 1351 1120 Neque
1383 1066 1495 1106 enim
1516 1082 1549 1108 15

134 1143 265 1169 unum
300 1143 396 1168 eum
423 1101 635 1169 adsedisse
662 1127 875 1180 morienti,
907 1127 979 1167 sed
1005 1126 1369 1167 circumferentem
1398 1139 1494 1166 ocu-

135 1187 199 1229 los
233 1202 283 1228 ex
311 1187 435 1227 turba
463 1188 695 1228 amicorum
724 1186 942 1241 delegisse,
975 1186 1042 1227 cui
1068 1185 1266 1226 traderet.
1324 1184 1495 1226 Placere

135 1247 280 1302 igitur,
314 1261 521 1287 summam
555 1246 722 1300 imperii
749 1246 801 1287 ad
821 1245 1064 1287 Perdiccam
1092 1244 1256 1285 deferri.
1306 1243 1397 1285 Nec
1423 1243 1495 1284 du·

137 1307 289 1360 bitare,
333 1306 435 1360 quin
475 1320 571 1347 vera
604 1308 802 1346 censeret.
867 1304 1015 1358 Itaque
1047 1304 1235 1345 universi
1267 1303 1494 1357 procedere

137 1367 179 1407 in
212 1365 399 1406 medium
421 1365 664 1406 Perdiccam
696 1370 737 1406 et
762 1365 875 1419 regis
902 1363 1075 1404 anulum
1103 1365 1253 1405 tollere
1280 1362 1494 1404 iubebant.
1514 1380 1549 1405 20

136 1425 351 1466 Haerebat
384 1425 494 1466 inter
527 1424 804 1479 cupiditatem
838 1424 1129 1478 pudoremque
1159 1425 1212 1475 et,
1246 1436 1328 1476 quo
1356 1422 1494 1463 mode-

136 1485 262 1538 stius,
296 1484 408 1538 quod
441 1484 679 1538 spectabat,
712 1484 946 1538 adpeteret,
979 1483 1241 1538 pervicacius
1275 1481 1494 1523 oblaturos

136 1558 227 1585 esse
270 1544 477 1585 credebat.
540 1542 689 1597 Itaque
728 1545 951 1585 cunctatus
985 1542 1160 1596 diuque,
1205 1540 1306 1595 quid
1339 1543 1494 1596 ageret,

136 1603 323 1645 incertus
367 1603 418 1644 ad
459 1602 657 1644 ultimum
697 1606 841 1643 tamen
879 1603 1052 1643 recessit
1085 1605 1126 1641 et
1159 1603 1256 1655 post
1288 1615 1378 1654 eos,
1423 1600 1495 1654 qui
1516 1617 1550 1642 24

138 1663 226 1704 sedi
254 1666 372 1704 erant
398 1662 598 1716 proximi,
624 1661 828 1703 constitit.
891 1660 950 1702 At
982 1661 1206 1715 Meleager,
1241 1674 1348 1700 unns
1374 1675 1395 1701 e
1424 1659 1496 1700 ‹lu-
1515 1662 1563 1698 21

235 1773 250 1801 1
287 1767 433 1802 suboles
466 1771 492 1800 B
524 1779 567 1802 m.
595 1778 678 1802 see:
719 1766 863 1800 soboles
897 1769 935 1799 A.
1067 1769 1085 1798 2
1120 1764 1291 1799 Barsines
1325 1764 1493 1799 RIodius:

137 1815 284 1849 bai-sine
310 1819 389 1857 ΡΥ,
416 1814 588 1848 barsinae
610 1817 713 1848 BFI..
802 1818 821 1848 3
850 1814 991 1847 discere
1012 1814 1208 1847 Heinsius:
1236 1812 1357 1845 dicere
1383 1814 1421 1845 A.

137 1863 292 1908 maiore]
325 1873 475 1907 magore
509 1866 544 1895 L.
668 1866 687 1895 5
724 1861 863 1895 Xerxes
895 1864 921 1894 B
950 1873 994 1894 m.
1016 1873 1096 1905 pn:
1130 1870 1252 1894 xerses
1284 1862 1310 1892 B
1342 1870 1431 1894 corr.
1458 1862 1495 1900 L,

138 1921 281 1945 exerses
308 1913 383 1953 PV,
410 1919 554 1944 *xerses
576 1913 611 1943 F.
714 1913 730 1942 7
758 1909 797 1943 in
817 1909 921 1953 regia
940 1908 1080 1953 posita]
1102 1912 1141 1941 ut
1161 1907 1265 1952 regia
1286 1906 1433 1951 aposita
1457 1909 1493 1939 P.

139 1962 159 1993 8
186 1957 474 2001 adhibebantur]
505 1956 753 1990 adhibeantur
778 1960 815 1990 P.
939 1959 981 1989 10
1009 1955 1226 2000 decreverit]
1254 1955 1496 1988 decreuerant

137 2009 162 2039 P
185 2018 226 2040 m.
244 2017 302 2050 pr.
428 2009 468 2038 11
498 2004 711 2038 Ptolomaeo
737 2005 883 2048 scripsi:
911 2003 1126 2048 ptholomeo
1153 2005 1182 2035 A
1209 2001 1410 2048 [ptolomeo
1436 2000 1492 2046 V].

140 2056 182 2087 13
210 2052 451 2097 relinqueret]
478 2051 679 2096 reliqueret
699 2055 724 2084 L
747 2063 788 2084 m.
806 2063 864 2095 pr.
886 2055 921 2084 P.
1023 2054 1066 2084 14
1093 2049 1225 2094 deligi]
1252 2048 1360 2093 diligi
1385 2052 1422 2082 P.

139 2101 236 2145 ipso]
270 2100 351 2144 ipsa
377 2103 413 2133 P.
524 2103 565 2132 15
594 2098 761 2144 anulum]
790 2098 966 2132 annulum
988 2101 1014 2130 L
1036 2110 1077 2131 m.
1096 2108 1153 2140 pr.
1271 2099 1313 2130 16
1341 2095 1494 2129 circum-

138 2148 317 2182 ferentem
348 2147 506 2182 Giunta:
541 2146 815 2181 circumferenti
842 2149 1024 2179 A.17
1052 2143 1251 2189 delegisse]
1272 2142 1492 2187 diligisseP.

141 2199 183 2229 18
210 2195 440 2241 Perdiccam]
468 2194 658 2238 perdicam
683 2198 718 2227 Ι..
818 2196 862 2227 20
889 2192 1084 2238 iubebant]
1112 2190 1291 2225 iuuebant
1316 2194 1343 2224 F
1368 2202 1412 2226 m.
1433 2201 1493 2234 pr.

139 2246 181 2276 21
210 2242 481 2287 pudoremque]
508 2242 759 2286 podoremque
780 2243 806 2273 B
835 2252 876 2274 ηι.
889 2252 942 2285 pr.
1011 2238 1232 2283 modestius]
1255 2238 1380 2272 modo·
1391 2248 1425 2272 e·
1435 2237 1493 2272 ius

141 2290 180 2336 [i.
194 2301 220 2325 e.
236 2290 480 2335 modoestius]
496 2293 531 2324 P
608 2292 650 2322 22
673 2288 869 2332 spectabat
894 2288 1040 2332 scripsi.-
1069 2286 1291 2330 expectabat
1317 2289 1355 2319 Δ.
1430 2285 1495 2318 ad-

138 2337 298 2383 peteret]
319 2339 504 2381 atpeteret
529 2340 565 2370 P.
657 2335 902 2380 pervicacius]
928 2334 1157 2379 peruicatius
1177 2337 1249 2367 PV.
1350 2337 1394 2367 25
1415 2331 1493 2367 sedi

140 2388 245 2419 erant
272 2385 471 2419 Kinchius:
500 2384 672 2419 sederant
698 2386 737 2417 A.
836 2384 900 2427 At]
927 2382 971 2416 ad
999 2385 1033 2415 P.
