1591 2493
572 68 844 104 PRAEFATIO
1325 67 1391 102 VH

40 188 124 224 tore
169 185 394 234 recognitus
434 183 834 231 adnotationibusque
873 185 1024 220 auctus.
1087 182 1230 219 Postea
1268 183 1389 219 maxi-

42 258 182 294 meque
221 243 377 281 saeculo
423 243 572 280 decimo
618 242 756 291 quinto
796 255 818 280 a
856 241 1122 291 compluribus
1167 241 1391 279 hominibus

41 304 166 342 denuo
194 301 424 354 corrigendo
453 303 534 340 sive
562 302 791 339 emendatus
819 303 900 339 sive
927 302 1166 350 depravatus
1194 303 1263 338 est.

130 363 183 401 Hi
210 362 361 400 codices
383 375 623 411 quamquam
644 374 769 410 neque
797 361 992 398 erroribus
1014 361 1129 398 liberi
1149 363 1240 397 sunt
1267 372 1392 409 neque

42 422 347 472 interpolatione
368 421 484 470 plane
505 423 651 469 carent,
677 423 810 458 tamen
836 420 944 458 illius
964 420 1066 457 labis
1087 422 1264 469 expertes
1291 423 1393 467 sunt,

42 495 120 532 qua
148 484 283 531 postea
310 480 471 528 codices,
500 483 690 529 quantum
718 481 810 528 scio,
836 493 968 518 omnes
996 492 1148 517 summa
1175 479 1392 517 describen-

41 543 141 579 tium
175 541 337 578 libidiue
364 541 501 578 infecti
533 543 634 588 sunt,
662 542 706 577 ut
732 554 776 577 ex
805 553 937 578 eorum
969 540 1203 577 lectionibus
1230 539 1393 588 reperiri

42 614 154 650 posse
182 600 379 648 diffidam,
415 600 509 649 quid
536 600 758 648 archetypi,
792 600 897 636 unde
934 599 1121 648 descripti
1147 601 1255 647 sunt,
1291 598 1393 648 fidei,

43 661 135 709 quid
169 660 419 697 librariorum
445 661 603 710 ingenio
639 659 837 697 debeatur.
894 659 1032 696 Eidem
1068 661 1201 696 tamen
1236 660 1395 707 propter

43 719 233 768 quasdam
255 719 500 768 corruptelas
521 719 561 756 in
582 719 658 756 duo
680 732 822 769 genera
844 718 1078 769 segregandi
1094 722 1197 767 sunt,
1225 731 1394 766 quorum

44 780 213 817 alterum
252 779 422 816 codicem
461 779 706 826 Parisinum,
747 779 916 816 alterum
956 779 1107 816 codices
1145 778 1394 825 Beruensem,

42 839 327 887 Florentinum,
348 837 591 886 Leidensem,
619 838 857 876 Vossianum
879 838 1153 887 conplectitur,
1180 851 1225 875 ex
1252 838 1395 887 quibus

45 910 134 936 suas
162 899 326 947 quisque
349 900 387 935 et
405 898 541 935 laudes
568 900 607 935 et
627 899 725 935 vitia
746 898 877 947 habet,
903 900 947 935 ut
966 898 1100 935 nullus
1122 910 1257 935 eorum
1278 898 1394 946 plane

43 957 308 1008 neglegendus
329 959 392 995 sit.
437 958 495 994 Ex
517 970 708 995 consensu
729 959 852 1007 igitur
872 957 1077 1006 utriusque
1099 957 1253 1007 generis
1274 959 1394 1006 scrip-

42 1019 173 1055 turam
209 1016 353 1055 codicis
389 1017 595 1066 archetypi
637 1018 820 1067 cognosci
854 1019 988 1066 patet,
1029 1017 1097 1054 ubi
1133 1019 1264 1055 autem
1300 1017 1396 1054 haec

43 1089 186 1127 genera
217 1077 322 1114 inter
356 1089 395 1114 se
429 1076 684 1124 dissentiunt,
720 1076 931 1127 diligenter
965 1076 1291 1115 considerandum
1327 1079 1397 1123 est,

44 1136 138 1185 quid
164 1138 325 1185 propter
346 1137 632 1174 sententiarum
655 1137 849 1174 rationem
875 1136 937 1174 vel
965 1149 1182 1174 sermonem
1208 1136 1396 1173 Lat-inum

43 1196 106 1233 vel
132 1207 246 1232 usum
267 1196 470 1244 scriptoris
491 1196 729 1244 sequendum
751 1195 942 1234 videatur.
987 1196 1100 1234 Unde
1121 1196 1154 1234 si
1174 1196 1273 1233 nihil
1300 1196 1397 1233 certi

44 1254 146 1292 effici
171 1257 312 1303 potest,
339 1256 506 1294 fortasse
526 1257 560 1292 is
583 1256 760 1304 proxime
781 1255 830 1292 ad
850 1268 987 1294 verum
1008 1256 1177 1303 accedet,
1205 1256 1273 1304 qui
1294 1255 1398 1293 codi-

44 1327 127 1352 cem
146 1314 367 1351 Parisinum
394 1317 589 1364 sequetur.
628 1315 743 1364 Nam,
764 1317 811 1352 ut
831 1315 971 1363 dicam,
993 1315 1098 1364 quod
1119 1316 1257 1363 sentio,
1279 1315 1396 1353 codex

43 1374 246 1411 Parisinus
282 1375 456 1412 melioris
491 1375 644 1424 generis
683 1374 854 1412 deterius
881 1375 1120 1424 exemplum,
1154 1375 1396 1424 archetypon

45 1434 176 1470 autem
211 1433 388 1471 codicum
424 1434 650 1482 Bernensis,
685 1434 923 1482 Florentini,
959 1434 1180 1483 Leidensis,
1212 1434 1397 1472 Vossiani

45 1492 250 1530 deterioris
275 1494 428 1543 generis
450 1494 590 1531 melius
612 1494 832 1542 exemplum
852 1496 1147 1542 repraesentare
1168 1495 1265 1531 mihi
1293 1494 1396 1531 vide—

45 1554 119 1588 tur.
171 1551 285 1596 Quod
312 1553 553 1602 archetypou
573 1554 703 1591 nescio
731 1566 781 1590 an
800 1553 1066 1591 recensionem
1087 1554 1284 1603 quandam
1312 1567 1397 1602 per-

46 1623 200 1660 pessum
229 1611 297 1649 sit:
325 1625 443 1660 quam
464 1610 727 1661 suspicionem
754 1613 873 1650 etiam
902 1616 1039 1663 auget,
1068 1613 1171 1662 quod
1199 1613 1257 1649 illi
1286 1616 1398 1661 quat-

45 1675 135 1707 tuor
172 1669 339 1719 codices,
367 1671 434 1720 qui
461 1685 506 1709 ex
533 1684 577 1710 eo
604 1672 789 1721 descripti
817 1675 925 1719 sunt,
952 1673 990 1709 in
1012 1673 1257 1722 marginibus
1279 1673 1396 1710 adno-

45 1731 215 1767 tationes
243 1730 355 1767 Curti
378 1731 496 1768 verba
517 1732 598 1769 sive
620 1733 858 1781 corrigentes
880 1733 961 1770 sive
982 1732 1234 1781 explicantes,
1263 1733 1398 1780 quales

46 1790 202 1838 saepius
221 1790 313 1827 inde
340 1790 388 1827 ab
414 1790 579 1828 interitu
603 1792 761 1840 imperii
782 1791 951 1828 Romani
970 1793 1011 1828 in
1039 1791 1238 1829 codicibus
1266 1804 1398 1829 occur-

45 1851 156 1896 runt,
183 1849 377 1887 exhibent.
437 1850 512 1888 Sed
548 1850 758 1888 dolendum
793 1853 869 1899 est,
906 1851 1011 1900 quod
1047 1851 1210 1889 alterius
1246 1852 1398 1901 generis

48 1920 148 1945 nunc
174 1921 295 1945 unum
322 1909 494 1948 codicem
519 1910 726 1959 habemus,
755 1923 841 1947 cum
873 1911 932 1948 ita
959 1910 1175 1948 diiudicare
1207 1924 1285 1948 non
1311 1923 1399 1959 pos-

48 1967 180 2015 simus,
201 1970 296 2016 quot
322 1970 404 2006 eius
432 1981 580 2007 errores
607 1970 687 2006 iam
708 1969 832 2007 codici
853 1971 1066 2019 archetypo
1087 1970 1286 2007 tribuendi
1308 1971 1399 2018 sint,

47 2028 145 2075 quot
170 2027 322 2064 librarii
348 2029 633 2079 neglegentiae.
684 2029 819 2067 Plures
853 2032 984 2067 autem
1016 2030 1133 2067 huius
1159 2030 1311 2080 generis
1338 2042 1399 2067 co-

48 2085 151 2124 dices
190 2087 387 2135 quondam
431 2090 606 2126 extitisse
651 2088 734 2126 veri
777 2089 1024 2127 simillimum
1067 2091 1136 2127 est.
1196 2089 1317 2138 Nam,
1356 2091 1400 2126 ut

49 2146 230 2183 omittam
268 2146 391 2184 Modii
427 2148 600 2186 codicem
639 2147 929 2196 Coloniensem,
971 2162 1085 2197 quem
1121 2148 1228 2186 haud
1264 2149 1399 2198 paucis

47 2203 143 2242 locis
175 2217 262 2242 cum
295 2205 425 2244 codice
456 2207 636 2245 Parisino
672 2208 917 2256 conspirasse
948 2208 1073 2246 Modii
1105 2210 1222 2246 notae
1249 2208 1399 2256 docent,

50 2275 95 2299 ex
121 2264 360 2312 quibusdam
386 2267 584 2305 codicibus
612 2267 760 2304 saeculi
792 2267 931 2304 decimi
963 2281 1065 2305 nunc
1092 2268 1247 2306 amissis
1273 2280 1401 2316 pauca

50 2321 272 2372 fragmenta
310 2329 537 2375 supersunt,
579 2338 746 2376 quorum
781 2327 967 2365 lectiones
1010 2327 1057 2364 ab
1100 2327 1224 2364 altero
1259 2340 1400 2377 genere
