1610 2522
78 223 96 252 4

76 343 95 370 ἶ)

52 1834 89 1863 10

125 104 181 143 -111
631 109 669 146 Q.
699 104 838 138 (ῊΗῚῚ
872 105 977 138 RUFI

127 212 347 253 monitum.
422 213 565 266 Legati
609 214 864 268 respondent
903 229 994 255 esse
1034 216 1236 269 templum
1281 215 1477 258 Herculis

124 274 240 313 extra
276 272 420 312 urbem
458 273 498 313 in
533 288 580 313 ea
613 274 722 319 sede,
755 289 880 327 quain
910 274 1162 328 Palaetyron
1201 275 1275 330 ipsi
1309 279 1476 318 vocent:

125 331 183 372 ibi
211 346 353 385 regem
383 332 460 373 deo
489 347 654 374 sacrum
683 334 763 374 rite
791 334 1014 375 facturum.
1067 333 1162 375 Non
1193 335 1330 376 tenuit
1357 337 1478 389 iram,

123 391 242 431 cuius
277 391 437 445 alioqui
471 396 624 446 potens
656 408 739 433 non
776 396 875 434 erat.
939 392 1104 447 Itaque:
1139 393 1244 436 ‘Vos
1278 395 1478 449 quidem’,

125 451 275 504 iuquit,
309 451 479 492 ‘fiducia
512 451 606 504 loci,
640 452 750 506 quod
788 453 967 493 insulam
1004 453 1204 507 incolitis,
1239 454 1474 508 pedestrem

123 510 233 550 hune
262 511 490 552 exercitum
522 512 733 566 spernitis,
767 512 838 553 sed
867 512 982 553 brevi
1012 513 1231 554 ostendam
1267 515 1311 555 in
1345 515 1476 555 conti-

122 570 239 610 nenti
281 584 355 611 vos
399 585 497 612 esse.
565 571 744 612 Proinde
778 572 922 613 sciatis
955 572 1072 626 livet,
1112 577 1185 613 aut
1219 573 1473 615 intraturum

87 644 188 670 »1110
234 629 380 671 urbem
426 633 499 671 aut
542 632 918 685 oppugnaturuui'.
997 632 1099 672 Cum
1148 632 1227 673 1100
1275 648 1476 687 responso

123 688 287 729 dimissi
321 704 420 730 suos
454 705 624 731 monere
653 695 894 745 coeperunt,
928 695 973 732 ut
1000 706 1154 747 regem,
1187 707 1310 746 quem
1341 692 1477 747 Syria,

1517 472 1531 496 5

121 763 244 802 quem
278 748 491 791 Phoenice
532 750 780 805 recepisset,
821 751 898 805 ipsi
934 765 1103 805 quoque
1136 752 1282 793 urbem
1319 753 1475 793 intrare
1499 769 1530 794 ιο

120 811 380 862 paterentur.
443 809 503 850 At
547 809 609 851 illi
655 811 749 851 1000
796 811 898 851 satis
943 812 1008 852 fisi
1055 811 1318 853 obsidionem
1367 812 1475 853 ferre

122 867 404 909 decreverant.
486 868 680 924 Namque
727 870 874 911 urbem
920 886 943 910 a
989 871 1222 913 continenti
1271 874 1518 925 quattuorS

121 927 356 969 stadiorum
408 929 563 970 fretum
617 929 769 971 dividit
821 929 967 972 Africo
1025 931 1209 972 maxime
1260 931 1472 972 obiectum

121 987 291 1029 crebros
331 1003 381 1028 ex
424 988 510 1030 alto
545 989 699 1030 fluctus
739 990 780 1029 in
821 989 922 1030 litus
956 990 1180 1032 evolventi.
1244 989 1332 1031 Nec
1372 991 1475 1031 acci-

122 1047 275 1100 piendo
299 1049 428 1101 operi,
455 1063 539 1102 quo
562 1048 814 1091 Macedones
837 1050 1070 1091 continenti
1099 1050 1278 1091 insulam
1302 1051 1475 1106 iungere
1496 1067 1528 1093 15

119 1106 340 1161 parabant,
374 1109 600 1162 quicquam
643 1109 776 1164 magis
811 1124 935 1163 quam
977 1109 1047 1150 ille
1081 1113 1231 1151 ventus
1266 1109 1473 1151 obstabat.

121 1166 286 1221 Quippe
320 1167 389 1208 vix
422 1168 507 1209 leni
541 1171 582 1209 et
609 1168 841 1223 tranquillo
878 1170 981 1210 mari
1011 1170 1143 1210 moles
1177 1170 1245 1225 agi
1279 1173 1473 1224 possunt,

121 1226 291 1267 Africus
321 1242 419 1268 vero
447 1227 585 1282 prima
606 1242 798 1283 quaeque
819 1232 1021 1283 congesta
1048 1229 1173 1283 pulsu
1202 1228 1315 1270 inlisi
1346 1230 1472 1270 maris

120 1285 300 1340 subruit,
333 1301 408 1327 nec
441 1288 527 1328 11113
560 1290 646 1328 tam
675 1288 799 1329 firma
827 1288 958 1329 moles
993 1291 1068 1342 est,
1101 1303 1226 1343 quam
1262 1303 1344 1330 non
1380 1303 1469 1330 exe-

119 1345 220 1386 dant
262 1346 399 1387 undae
443 1350 483 1387 et
529 1362 604 1401 per
645 1362 776 1389 nexus
819 1363 993 1402 operum
1039 1351 1257 1389 manantes
1300 1351 1354 1402 et,
1397 1348 1468 1389 ubi
1492 1365 1524 1389 20

117 1406 255 1446 acrior
288 1406 413 1447 flatus
447 1407 610 1460 existit,
645 1407 797 1448 summi
833 1409 972 1462 operis
1004 1408 1178 1463 fastigio
1212 1407 1468 1462 superfusae.

123 1464 292 1506 Praeter
312 1465 421 1507 hanc
444 1466 741 1508 difficultatem
764 1466 876 1508 haud
898 1468 1038 1508 minor
1058 1468 1139 1509 alia
1160 1471 1259 1508 erat.
1323 1467 1470 1508 Muros

119 1528 341 1579 turresque
386 1526 505 1567 urbis
548 1526 782 1580 praealtum
826 1542 940 1568 mare
982 1527 1214 1568 ambiebat:
1259 1541 1343 1568 non
1387 1531 1470 1567 tor-

120 1588 263 1625 menta
296 1586 377 1626 nisi
411 1600 432 1626 e
466 1585 646 1627 navibus
680 1587 827 1640 procul
855 1602 1032 1628 excussa
1059 1587 1184 1641 mitti,
1217 1601 1300 1628 non
1333 1587 1470 1628 scalae

121 1644 343 1685 moenibus
370 1645 574 1698 adplicari
602 1649 810 1700 poterant,
848 1661 1048 1701 praeceps
1082 1646 1123 1687 in
1157 1646 1290 1687 salum
1325 1661 1470 1688 murus
1491 1664 1524 1689 25

118 1704 313 1758 pedestre
349 1706 630 1760 interceperat
664 1706 760 1746 iter:
800 1720 928 1746 naves
967 1720 1045 1747 nec
1084 1705 1267 1747 habebat
1305 1721 1376 1747 rex
1417 1709 1470 1758 et,

118 1764 152 1804 si
180 1764 451 1818 admovisset,
484 1765 716 1819 pendentes
749 1768 792 1806 et
819 1765 1038 1806 instabiles
1067 1765 1303 1807 missilibus
1337 1766 1466 1807 arceri

119 1826 326 1877 poterant.
399 1822 517 1865 Inter
549 1840 656 1879 quae
695 1840 825 1879 parva
857 1825 974 1866 dictu
1013 1840 1079 1866 res
1105 1825 1329 1879 Tyriorum
1366 1824 1468 1865 fidu-

116 1882 223 1923 ciam
246 1883 448 1925 accendit.
507 1882 924 1940 Carthaginiensium
946 1884 1073 1940 legati
1098 1885 1148 1926 ad
1171 1884 1467 1926 celebrandum

212 1992 231 2021 2
259 1989 404 2034 vocent]
438 1991 575 2023 uocant
594 1993 619 2022 P
648 2002 689 2024 m.
706 2002 765 2034 pr.
865 1994 884 2022 3
911 1990 980 2024 rite
1001 1989 1185 2024 facturum
1212 2000 1278 2023 om.
1303 1991 1328 2022 B
1349 2001 1392 2023 m.
1409 2000 1467 2033 pr.

116 2038 135 2068 6
164 2035 386 2081 continenti]
424 2037 635 2070 contenenti
666 2041 691 2070 P
711 2049 754 2071 m.
778 2050 835 2081 pr.
959 2041 978 2071 9
1007 2037 1149 2071 dimissi
1183 2048 1266 2070 suos
1297 2037 1467 2071 oremus:

115 2083 294 2117 demissos
315 2087 354 2118 A.
443 2085 608 2130 monere]
629 2096 776 2119 mouere
796 2089 831 2119 P.
923 2090 964 2119 10
991 2084 1172 2119 Phoenice
1195 2085 1328 2119 Aldus:
1357 2083 1469 2128 phoe-

115 2130 220 2164 nicae
254 2134 365 2172 FLV,
400 2132 582 2175 phenicae
608 2135 633 2165 B
663 2145 704 2166 m.
727 2145 797 2176 μὴ,
825 2131 1030 2176 phaenicae
1056 2136 1090 2165 P.
1217 2136 1258 2166 14
1286 2131 1467 2165 evolventi

114 2179 258 2222 scripsi:
287 2179 430 2213 euoluit
455 2183 493 2213 A.
595 2184 637 2213 1⁸
665 2180 765 2213 inlisi
793 2180 903 2213 maris
930 2184 962 2213 1:
992 2180 1114 2214 inlisiu
1142 2180 1233 2213 mari
1261 2183 1305 2221 V,
1334 2178 1468 2213 iulis-»a

117 2226 206 2260 inari
235 2229 276 2267 P,
317 2226 426 2260 inlisa
466 2227 558 2260 111311
597 2230 701 2261 BFL.
825 2231 868 2261 20
902 2238 967 2272 per
999 2239 1112 2261 nexus
1139 2231 1170 2260 1:
1211 2227 1407 2272 perenixus
1435 2231 1467 2268 C,

115 2274 289 2317 pei-nixus
317 2277 342 2306 P
370 2287 411 2308 m.
428 2286 484 2318 pr.
592 2279 634 2308 ‘22
663 2275 801 2320 muros]
829 2285 948 2308 moros
975 2278 1000 2307 P
1028 2287 1069 2308 m.
1093 2287 1149 2319 pr.
1250 2279 1292 2308 24
1321 2288 1339 2309 0
1367 2275 1467 2308 navi-

116 2321 182 2356 bus
198 2325 235 2355 C:
258 2321 418 2355 nauibus
433 2326 467 2355 P.
534 2327 576 2356 243
594 2322 858 2368 interceperat]
874 2323 1143 2367 intercoepemt
1160 2328 1191 2355 C.
1257 2326 1299 2356 2¹9
1316 2322 1465 2356 Cartha-

114 2368 355 2416 giniensium]
383 2370 738 2413 eliartagiuieusinm
768 2375 798 2404 C.
