1610 2522
61 346 104 375 2³0

132 106 218 146 230
635 105 674 147 Q.
703 106 845 140 CURTI
875 106 985 141 RUFI

132 213 280 268 Itaque
314 214 573 269 Meleagrum
615 218 657 256 et
690 215 916 256 Perdiccan
951 216 995 256 in
1028 215 1290 257 obsidionem
1329 215 1483 271 iungit:

134 275 217 326 ipse
249 275 305 315 ad
333 274 548 315 Craterum
579 276 712 327 peryit
732 273 993 329 Cyropolim,
1025 278 1196 331 ut'ante
1223 275 1381 316 dictum
1411 279 1485 328 est,

132 333 409 374 obsidentem.
474 335 689 375 Statuerat
723 337 863 375 autem
904 349 1073 388 parcere
1107 335 1201 375 urbi
1236 335 1429 377 conditae
1462 350 1486 376 a

132 392 267 446 Cyro:
314 393 472 448 quippe
510 408 595 434 non
635 394 765 434 alium
804 395 994 447 gentium
1039 393 1206 435 illarum
1251 395 1385 449 magis
1417 395 1484 435 ad-

132 453 309 493 miratus
343 457 405 493 est
445 467 570 507 quam
605 452 718 494 hunc
754 468 897 508 regem
932 456 974 494 et
1007 452 1272 505 Samiramin,
1306 468 1412 507 quos
1445 457 1486 495 et
1524 474 1539 498 5

132 512 426 566 magnitudine
461 512 591 553 animi
626 515 667 554 et
709 512 900 553 claritate
932 528 1073 554 rerum
1105 514 1231 568 longe
1264 513 1486 554 emicuisse

135 571 343 612 credebat.
409 571 605 613 Ceterum
646 573 879 626 pertinacia
911 572 1220 627 oppidanorum
1257 573 1361 614 iram
1396 574 1486 614 eius

132 631 341 672 accendit:
381 632 524 685 itaque
564 635 731 685 captam
772 632 917 672 urbem
959 631 1082 686 diripi
1130 631 1264 673 iussit.
1337 631 1488 673 Deleta

132 706 179 730 ea
213 690 468 732 Memacenis
512 690 622 731 haud
661 691 817 732 iniuria
856 691 1034 733 infestus
1067 691 1117 732 ad
1152 690 1411 746 Meleagrum
1447 695 1488 733 et

132 749 375 791 Perdiccam
418 750 538 791 redit.
603 749 685 791 Sed
723 765 808 792 non
853 750 933 792 alia
973 750 1073 792 urbs
1112 751 1264 792 fortius
1304 750 1486 792 obsidio·
1509 771 1540 795 ιο

132 824 227 849 116111
262 810 377 850 tulit:
412 810 569 864 quippe
603 813 643 851 et
668 810 854 851 militum
882 810 1193 865 promptissimi
1227 810 1414 852 cecidere
1446 814 1487 851 et

133 869 223 922 ipse
255 884 328 909 rex
363 869 414 910 ad
446 869 645 910 ultimum
672 870 907 923 periculum
941 871 1068 911 venit.
1112 869 1312 924 Namque
1346 870 1487 912 cervix

132 929 221 968 eius
255 943 356 969 saxo
391 929 450 970 ita
483 929 566 969 icta
599 932 680 983 est,
718 933 766 971 ut
798 929 934 971 oculis
969 930 1150 986 caligine
1183 930 1317 970 oflusa
1349 928 1487 970 conla-

132 988 320 1042 bemtur,
366 1003 417 1029 ne
465 989 616 1030 mentis
665 989 833 1042 quidem
881 1004 1070 1043 compos:
1117 989 1324 1031 exercitus
1377 991 1486 1030 certe

133 1046 249 1088 velut
291 1050 436 1101 erepto
472 1049 554 1088 iam
589 1063 636 1089 eo
669 1049 890 1104 ingemuit.
955 1047 1036 1090 Sed
1069 1049 1254 1090 invictus
1287 1049 1486 1090 adversus
1508 1070 1540 1095 15

133 1121 198 1159 ea,
253 1122 358 1160 quae
398 1111 559 1148 ceteros
598 1111 775 1161 terrent,
820 1109 1006 1149 nondum
1050 1111 1272 1162 percurato
1315 1109 1486 1149 vulnere

133 1166 271 1207 acrius
305 1166 516 1207 obsidioni
549 1167 707 1209 institit
738 1168 975 1209 naturalem
1005 1168 1264 1209 celeritatem
1298 1168 1360 1209 ira
1393 1181 1486 1209 con-

133 1226 302 1267 citante.
367 1225 572 1268 Cuniculo
613 1242 713 1283 ergo
754 1228 933 1268 suffossa
972 1228 1139 1269 moenia
1177 1228 1326 1282 ingens
1360 1227 1487 1268 nuda-

135 1300 229 1326 vere
263 1286 461 1340 spatium,
494 1301 568 1340 per
596 1287 708 1340 quod
743 1288 916 1341 inrupit,
951 1287 1167 1341 victorque
1198 1286 1343 1328 urbem
1377 1286 1486 1327 dirui

135 1345 268 1386 iussit.
1507 1368 1540 1393 20

224 1404 334 1445 Hinc
366 1405 658 1447 Menedemum
701 1421 796 1448 cum
836 1407 973 1448 tribus
1016 1406 1189 1447 milibus
1221 1405 1411 1460 peditum
1446 1408 1487 1446 et
1508 1413 1557 1447 28

134 1475 253 1504 DCcC
280 1464 496 1518 equitibus
523 1466 575 1506 ad
601 1466 747 1507 urbem
770 1466 1023 1507 Maracanda
1048 1465 1174 1507 misit.
1221 1464 1486 1520 Spitamenes

133 1524 355 1577 transfuga
404 1525 616 1578 praesidio
663 1525 942 1567 Macedonum
994 1525 1088 1566 inde
1141 1525 1303 1566 deiecto
1355 1523 1486 1566 muris

135 1583 250 1624 urbis
284 1584 373 1624 eius
408 1585 635 1627 incluserat
673 1600 716 1626 se
748 1601 833 1626 non
867 1585 969 1626 adeo
1004 1584 1227 1639 oppidanis
1261 1583 1485 1625 consilium

231 1709 246 1738 1
276 1705 480 1740 Perdiccan
509 1704 709 1738 Kincln'us:
737 1702 914 1747 perdican
940 1705 982 1745 P,
1008 1702 1219 1746 perdiccam
1247 1706 1279 1735 C.
1391 1700 1486 1735 obsi-

134 1752 298 1799 dionem]
326 1751 519 1787 obsidione
546 1754 584 1784 V.
710 1750 846 1794 iungit:
882 1751 972 1794 ipse
1005 1750 1059 1784 ad
1087 1750 1314 1785 Craterum
1337 1749 1488 1793 pergit

131 1801 278 1845 scripsi:
307 1800 431 1846 iungit
458 1802 494 1831 A.
571 1802 590 1831 *2
620 1798 845 1843 Cyropolim]
874 1797 1066 1842 ciropohm
1095 1801 1126 1831 C.
1207 1800 1226 1828 3
1254 1796 1486 1830 obsidentem

136 1849 382 1883 Illm‘tzellirw:
420 1846 632 1881 obsidentes
660 1849 697 1878 A.
846 1857 865 1878 a
893 1845 1002 1890 Cyro]
1029 1856 1117 1889 agro
1144 1848 1179 1877 P.
1326 1848 1346 1877 5
1372 1843 1486 1888 hunc]

99 1921 102 1923 >
134 1896 220 1929 hinc
247 1898 307 1928 BF
330 1908 372 1930 m.
389 1907 447 1940 pr.
469 1898 506 1928 V.
626 1904 717 1937 quos
745 1894 796 1938 etl
824 1904 915 1936 quos
942 1893 989 1926 ad
1015 1896 1054 1925 V.
1166 1896 1184 1925 6
1212 1890 1486 1936 magnitudine]

135 1943 430 1988 magnitudinem
458 1947 490 1976 C.
609 1945 625 1974 7
655 1939 877 1985 pertinacia]
904 1939 1106 1984 pertinatia
1133 1942 1237 1972 FPV.
1378 1938 1486 1983 iram!

134 1991 188 2025 ira
215 1994 250 2024 P.
327 1996 347 2025 ὅ
375 1989 561 2034 accendit}
590 1988 759 2023 ascendit
784 1991 822 2021 V.
906 1987 1035 2022 Deleta
1063 1998 1104 2021 ea
1131 1987 1276 2030 scripsi:
1305 1984 1425 2020 delete
1446 1989 1484 2020 A.

135 2044 153 2071 9
182 2038 405 2072 Memacenis
434 2032 642 2073 Acida'lz'us:
680 2035 900 2070 macedones
928 2038 966 2068 A.
1065 2034 1181 2080 haud]
1209 2035 1273 2068 aut
1299 2037 1332 2067 P.
1432 2033 1486 2067 in-

133 2087 249 2120 festus
271 2087 483 2121 Acidalius:
511 2084 665 2118 infestos
687 2087 724 2118 A.
796 2086 838 2117 10
865 2082 1014 2128 fortius]
1041 2083 1176 2116 sorcius
1197 2084 1235 2114 V.
1307 2084 1347 2114 12
1370 2081 1485 2127 venit]

134 2134 305 2177 peruenit
325 2137 364 2168 V.
442 2138 483 2167 13
511 2131 687 2177 caliginel
715 2129 853 2176 caligis]
873 2134 908 2163 F.
1008 2129 1140 2175 offusa]
1168 2128 1321 2163 confusa
1340 2131 1376 2170 P,
1403 2127 1486 2162 fusa

133 2185 161 2214 V
180 2193 224 2215 m.
242 2193 299 2225 pr.
386 2186 426 2215 15
448 2180 562 2225 velut]
577 2178 689 2213 uelud
711 2182 746 2212 Β.
826 2178 899 2211 iam
921 2178 1068 2212 Nos-als:
1090 2177 1127 2211 in
1149 2180 1186 2210 A.
1290 2179 1331 2209 16
1358 2186 1482 2220 percu-

133 2230 228 2274 rato]
263 2230 458 2273 procurato
491 2231 526 2260 Ρ.
628 2230 669 2260 19
697 2226 877 2270 spatium]
911 2225 1076 2269 spacium
1103 2228 1141 2257 V.
1254 2227 1295 2258 21
1330 2222 1426 2258 Hinc
1452 2227 1484 2273 1¹:

134 2276 194 2310 hic
208 2280 247 2309 A.
317 2280 359 2310 22
383 2275 606 2309 Maracanda
630 2275 847 2309 Frobenms:
869 2272 1130 2306 marae-andam
1151 2275 1189 2305 A.
1260 2275 1302 2304 2¹3
1325 2270 1485 2317 deiecto]

135 2323 271 2357 diiecto
298 2327 324 2357 B
350 2335 394 2358 m.
411 2336 468 2369 pr.
581 2326 624 2355 24
652 2332 722 2356 non
760 2321 852 2355 adeo
886 2321 1031 2365 scripsi:
1068 2320 1168 2353 haud
1195 2322 1223 2352 A
1250 2320 1331 2365 [aut
1357 2319 1413 2364 V]-

135 2370 346 2417 consilium]
375 2370 528 2405 consilio
557 2373 592 2403 F.
