1610 2522
54 472 68 496 5

22 579 68 613 19

353 106 689 142 HISTORIARUM
716 106 998 141 ALEXANDRI
1025 106 1120 148 VIII,
1146 111 1177 139 5.
1314 117 1317 121 ·
1355 106 1437 146 271

90 217 216 258 ceteri
245 217 452 269 dubitent,
474 217 761 271 semetipsum,
795 230 890 257 oum
918 231 990 256 rex
1017 216 1167 256 inisset
1187 214 1444 268 convivium,

89 279 399 330 prostraturum
444 276 563 317 humi
597 290 761 330 corpus.
826 274 989 316 Debere
1022 274 1133 316 idem
1165 274 1303 315 facere
1336 277 1444 315 eete-

88 350 158 377 ros
191 339 232 376 et
265 337 308 376 in
340 337 489 390 primis
523 336 730 390 sapientia
762 335 993 390 praeditos:
1027 334 1079 375 ab
1106 334 1192 375 illis
1220 333 1332 374 enim
1359 334 1443 374 0111-

89 398 157 436 tus
195 395 238 436 in
278 409 419 450 regem
453 396 696 450 exemplum
731 409 821 435 esse
854 393 1129 448 prodendum.
1193 393 1319 434 Haud
1351 408 1443 447 per-

89 455 212 508 plexe
245 456 288 495 in
323 455 611 496 Callisthenen
645 454 908 509 dirigebatur
941 454 1088 495 oratio.
1143 451 1336 494 Gravitas
1364 452 1444 494 viri

91 517 132 554 et
175 517 373 568 prompta
405 514 578 556 libertas
612 515 748 555 invisa
780 516 870 554 erat
901 513 1009 568 regi,
1054 514 1175 567 quasi
1209 512 1325 554 solus
1357 512 1443 553 Ma-

89 573 269 614 0611011118
303 577 473 627 paratos
506 574 556 614 ad
592 573 674 614 tale
706 574 959 627 obsequium
986 574 1235 613 moraretur.
1285 570 1327 612 Is
1353 575 1443 613 tum

90 633 261 674 silentio
295 635 406 674 facto
440 648 571 674 unuln
606 634 726 674 illum
758 632 1022 674 intuentibus
1051 633 1219 674 ceteris:
1254 630 1314 672 ‘Si
1342 631 1444 685 rex',

90 693 241 746 inquit,
275 692 475 733 ‘sermoni
508 696 583 733 tuo
617 693 835 745 adfuisset,
867 694 1026 733 nullius
1053 692 1245 745 profecto
1274 705 1357 732 vox
1382 706 1445 732 re-

39 772 72 795 10
93 753 291 806 sponsuri
329 752 408 792 tibi
450 752 776 793 desideraretur:
821 753 912 806 ipse
945 752 1057 793 enim
1090 754 1272 806 peteret,
1317 766 1369 792 ne
1401 751 1445 791 in

39 1068 69 1092 15

90 811 337 867 peregrinos
370 813 478 853 ritus
506 815 787 865 externosque
814 811 1067 867 degenerare
1094 826 1137 852 se
1164 824 1336 866 cogeres
1362 825 1445 851 neu

90 871 215 912 rebus
256 871 503 912 felicissime
543 872 675 927 gestis
718 871 922 912 invidiam
955 871 1031 912 tali
1070 870 1315 912 adulatione
1348 884 1444 912 0011-

91 930 291 972 traheres.
343 929 423 971 Sed
459 931 659 984 quoniam
693 931 824 984 abest,
857 945 936 986 ego
963 930 1042 971 tibi
1068 945 1145 985 pro
1173 931 1246 971 illo
1273 944 1446 984 respon—
1497 942 1511 968 .-

91 990 167 1031 deo
201 992 367 1031 nullum
400 1005 489 1031 esse
522 990 698 1032 eundem
737 994 778 1031 et
810 990 1057 1031 diuturnum
1091 992 1132 1030 et
1163 1003 1444 1044 praecoquem

90 1050 295 1103 fructum,
340 1051 626 1104 caelestesque
662 1049 846 1091 honores
885 1064 971 1090 non
1010 1049 1107 1090 dare
1145 1052 1187 1091 te
1219 1050 1327 1105 regi,
1372 1048 1444 1089 sed

91 1109 266 1150 auferre.
329 1108 557 1151 Intervallo
599 1110 712 1151 enim
751 1124 858 1164 opus
897 1112 979 1162 est,
1023 1112 1071 1150 ut
1103 1109 1298 1150 credatur
1332 1108 1445 1161 deus,

92 1182 340 1223 semperque
372 1169 481 1210 hane
513 1169 695 1225 gratiam
729 1169 895 1224 magnis
928 1169 1029 1210 viris
1062 1168 1224 1223 posteri
1252 1168 1444 1209 reddunt.

91 1228 185 1283 Ego
228 1232 368 1269 autem
412 1243 544 1270 seram
589 1228 940 1270 inmortalitatem
982 1242 1132 1283 precor
1169 1228 1279 1283 regi,
1322 1230 1371 1269 ut
1404 1230 1445 1267 et

91 1287 179 1328 vita
212 1288 411 1329 diuturna
445 1289 500 1329 sit
533 1291 574 1329 et
605 1291 774 1329 aeterna
813 1289 1021 1329 maiestas,
1084 1287 1314 1328 Hominem
1347 1301 1445 1328 eon-

39 1366 53 1390 2
91 1348 283 1400 sequitur
308 1347 549 1402 aliquando,
574 1363 807 1402 numquam
835 1348 1063 1389 comitatur
1090 1347 1301 1388 divinitas.
1342 1346 1444 1387 Her-

92 1406 229 1448 culem
263 1407 388 1447 modo
422 1410 464 1448 et
486 1406 656 1448 Patrem
679 1407 877 1448 Liberum
912 1410 1182 1449 consecratae
1213 1406 1446 1448 inmortali—

93 1467 191 1507 tatis
225 1467 418 1520 exempla
449 1467 671 1508 referebas.
738 1466 938 1508 Credisne
971 1467 1068 1508 illos
1102 1467 1227 1508 unius
1261 1466 1445 1508 convivii

94 1525 261 1566 decreto
295 1526 394 1567 deos
426 1526 593 1567 factos?
644 1525 768 1567 Prius
802 1526 853 1567 ab
887 1526 1020 1567 0011118
1053 1525 1298 1567 mortalium
1333 1540 1445 1566 amo-

92 1585 169 1625 lita
201 1589 351 1626 natura
384 1589 459 1640 est,
492 1601 619 1640 quam
646 1586 689 1626 in
717 1587 880 1627 caelum
906 1586 1021 1627 fama
1046 1585 1304 1640 perveheret.
1360 1583 1444 1626 Sei-

40 1663 72 1686 25,
92 1644 192 1685 lieet
224 1659 302 1700 ego
336 1647 377 1685 et
408 1648 468 1699 tn,
500 1644 615 1698 Cleo,
648 1644 748 1686 deos
779 1646 972 1699 faeimus7
1004 1661 1027 1686 a
1058 1645 1183 1686 nobis
1210 1644 1446 1686 divinitatis

95 1718 193 1744 suae
227 1704 520 1745 auctoritatem
554 1707 803 1759 accepturus
836 1707 900 1746 est
925 1720 1009 1745 rex.
1060 1703 1301 1745 Potentiam
1329 1707 1445 1745 tuam

94 1764 277 1816 experiri
302 1764 424 1804 libet:
450 1765 518 1806 fao
543 1764 727 1817 aliquem
756 1779 912 1820 regem,
940 1764 973 1805 si
1002 1764 1127 1805 deum
1148 1766 1270 1818 potes
1290 1764 1445 1805 faeere!

94 1821 277 1864 Facilius
310 1826 373 1864 est
404 1823 567 1864 eaelum
601 1824 699 1864 dare
732 1838 857 1878 quam
889 1823 1145 1878 imperium?
1182 1823 1239 1864 Di
1271 1823 1445 1878 propitii

192 1944 208 1973 1
237 1940 494 1985 semetipsum]
522 1940 771 1984 semedipsum
796 1945 834 1976 F.
942 1945 961 1974 2
988 1940 1277 1986 prostraturum]
1304 1941 1448 1984 postra-

95 1988 218 2020 turum
245 1991 280 2021 L.
366 1991 384 2020 3
413 1987 458 2021 ab
486 1987 576 2033 illis]
605 1987 716 2022 adilis
742 1992 766 2021 L
785 2000 830 2022 m.
848 2001 904 2032 pr.
993 1992 1012 2022 5
1040 1987 1309 2033 Callisthenen]
1337 1986 1446 2021 03116-

95 2034 251 2068 sthenen
277 2038 312 2068 P.
394 2039 414 2069 8
442 2034 606 2080 silentio]
634 2035 824 2070 silentium
849 2040 885 2070 P
984 2035 1231 2080 intuentibus]
1259 2035 1448 2069 interuen—

95 2081 250 2115 tibusV
221 2085 259 2115 V.
343 2087 383 2116 11
411 2082 504 2116 ritus
532 2084 775 2126 externosque
798 2087 840 2117 P:
874 2085 1118 2126 externosque
1146 2083 1240 2117 ritus
1262 2087 1283 2116 G
1313 2083 1448 2128 [exter—

94 2139 235 2171 nosque
261 2140 326 2164 om.
348 2130 400 2175 Β]
502 2134 544 2163 14
570 2129 727 2176 11111111111]
755 2129 859 2164 11111111
886 2134 925 2165 V.
1039 2135 1081 2164 15
1109 2132 1145 2164 te
1173 2131 1316 2165 Lauer:
1354 2140 1392 2163 se
1419 2132 1448 2162 A

96 2176 152 2221 [1η
177 2179 204 2209 F
231 2188 301 2211 voa:
337 2178 431 2212 deest
460 2182 607 2222 propter
641 2179 841 2223 maryinem
876 2178 1247 2224 absczsum].16
1286 2177 1447 2222 auferre]

96 2222 225 2257 offerre
247 2227 283 2258 P.
390 2228 432 2259 18
459 2227 501 2259 ut
529 2227 564 2259 et
586 2226 755 2260 BIodizzcs
784 2227 821 2259 et
846 2227 888 2259 ut
914 2229 953 2260 A.
1059 2230 1103 2260 20
1131 2225 1324 2270 divinitas]
1352 2224 1448 2258 diui-

96 2272 257 2304 nutasL
231 2274 267 2304 L.
384 2276 427 2305 22
455 2272 657 2318 ieferebas]
683 2272 847 2308 refrebas
867 2277 892 2306 P
911 2285 956 2308 m.
972 2285 1032 2318 pr.
1154 2272 1346 2317 Credisne]
1373 2282 1448 2305 cre-

97 2318 208 2352 desne
231 2321 267 2351 Ρ.
389 2323 432 2353 ‘23
459 2320 594 2364 factos]
621 2320 742 2354 faetus
768 2324 793 2353 P
812 2333 857 2355 m.
875 2332 932 2364 pr.
1062 2324 1105 2354 28
1133 2319 1195 2365 Di]
1224 2320 1277 2353 dii
1303 2323 1375 2353 PV.

96 2365 266 2410 propitii]
293 2366 452 2410 propicii
478 2370 504 2400 F
512 2371 583 2400 PV.

1473 404 1514 434 13

1473 584 1514 613 14

1474 1239 1516 1267 1ss

1474 1357 1515 1387 17

1475 1595 1516 1625 la

1479 1834 1516 1863 19
