1610 2522
86 510 129 539 31)

85 689 125 718 31

84 926 127 957 32

84 1165 126 1194 33

83 1344 127 1374 34

84 1463 126 1494 35

83 1523 126 1553 36

158 93 243 134 28ss
663 94 703 135 Q.
732 93 874 128 ‹russ'm
902 93 1013 128 miri

158 202 276 243 viora
318 202 471 243 itinera
512 217 621 256 equo
661 202 849 243 conficit:
883 202 1053 256 longior
1085 202 1158 244 ubi
1191 203 1404 257 expeditio
1438 206 1513 257 est,

157 261 372 315 elephanti
412 261 571 303 vehunt
612 276 799 316 currum,
845 265 886 303 et
924 264 1139 304 tantarum
1173 262 1391 304 beluarum
1425 277 1514 304 cor-

157 335 262 375 pora
294 324 385 362 tota
419 323 653 376 contegunt
686 336 800 362 auro.
864 321 937 375 Ac,
970 336 1021 362 ne
1055 322 1157 375 quid
1184 322 1360 376 perditis
1387 322 1514 363 mori-

158 380 236 421 bus
269 380 389 435 desit,
420 380 584 422 lecticis
611 382 749 422 aureis
777 381 960 435 pelicum
988 381 1142 436 longus
1171 382 1272 422 ordo
1301 382 1513 436 sequitur:

158 443 401 493 separatum
440 455 464 481 a
501 441 672 495 reginae
712 440 859 482 ordine
897 454 1047 495 agmen
1088 444 1153 482 est
1185 444 1420 495 aequatque
1452 441 1512 482 lu-
1552 458 1566 483 5

156 500 332 541 xuriam.
405 498 605 541 Feminae
651 501 798 554 epulas
844 503 1006 554 parant.
1075 500 1143 541 Ab
1189 501 1321 542 isdem
1368 501 1512 542 vinum

157 559 436 613 ministratur,
468 559 589 600 cuius
623 560 819 601 omnibus
852 558 969 601 Indis
1002 560 1145 615 largus
1177 563 1241 601 est
1267 575 1380 601 usus
1435 559 1513 601 Re-

156 633 253 673 gem
284 633 400 660 mero
435 633 670 673 somnoque
703 620 892 674 sopitum
927 620 967 660 in
999 619 1242 661 cubiculum
1271 619 1426 674 pelices
1452 634 1514 660 re-

156 678 299 720 ferunt
338 679 476 732 patrio
517 680 702 720 carmine
733 679 924 720 noctium
959 679 1202 720 invocantes
1237 679 1346 720 deos.
1410 678 1513 728 Quis
1534 681 1583 716 33

156 737 300 778 credat
338 739 448 779 inter
486 738 590 780 haec
621 739 726 780 vitia
757 753 901 780 curam
935 753 1023 780 esse
1057 739 1318 792 sapientiae?
1369 738 1512 780 Unum
1534 755 1567 780 10

156 800 323 853 agreste
356 800 398 838 et
430 797 651 839 horridum
683 813 817 853 genus
850 801 926 852 est,
960 798 1073 852 quod
1105 799 1316 852 sapientes
1347 801 1511 839 vocant.

155 856 283 910 Apud
322 856 400 898 hos
440 872 646 912 occupare
683 832 762 898 fati
801 858 910 899 diem
953 858 1220 917 pulchrum,
1243 862 1283 899 et
1315 858 1435 899 vivos
1469 872 1512 899 se

157 930 200 957 01
204 931 332 958 eman
361 916 520 971 iubent,
552 917 706 971 quibus
734 921 808 959 aut
834 918 977 973 segnis
1003 921 1118 959 aetas
1145 920 1219 959 aut
1246 918 1514 958 incommoda

156 976 347 1017 valitudo
393 979 474 1018 est:
517 979 783 1031 expectatam
821 980 1002 1019 mortem
1041 992 1118 1032 pro
1159 976 1361 1019 dedecore
1399 977 1512 1018 vitae

155 1035 326 1090 habent,
358 1051 435 1076 nec
468 1038 580 1078 ullus
612 1036 876 1091 corporibus,
910 1051 1017 1091 quae
1045 1040 1239 1078 senectus
1268 1037 1408 1090 solvit,
1440 1036 1512 1077 ho-
1534 1052 1566 1078 15

155 1110 233 1136 nos
267 1095 475 1137 redditur:
509 1096 724 1150 inquinari
756 1099 910 1150 putant
943 1097 1095 1151 ignem,
1128 1097 1211 1137 nisi
1245 1097 1318 1150 qui
1351 1095 1512 1150 spiran-

155 1158 219 1195 tes
246 1155 408 1209 recipit.
455 1154 536 1210 Illi,
564 1158 637 1210 qui
664 1157 709 1197 in
735 1155 914 1197 urbibus
948 1156 1132 1210 publicis
1164 1155 1412 1197 muneribus
1446 1156 1512 1196 de-

154 1217 273 1269 gunt,
313 1214 498 1256 siderum
531 1218 672 1257 motus
704 1215 807 1256 scite
841 1219 1031 1269 spectare
1066 1216 1264 1257 dicuntur
1296 1218 1337 1256 et
1369 1215 1512 1256 futura

154 1274 405 1328 praedicere.
467 1274 560 1316 Nec
602 1289 857 1329 quemquam
900 1275 1124 1317 admovere
1164 1275 1236 1316 leti
1279 1275 1388 1316 diem
1428 1289 1509 1316 cre-

155 1333 273 1388 dunt,
306 1336 373 1375 cui
401 1338 624 1388 expectare
650 1335 847 1376 interrito
875 1335 1010 1376 liceat.
1062 1334 1174 1376 Deos
1201 1337 1365 1389 putant,
1393 1334 1511 1388 quid·
1532 1350 1565 1375 ρο

155 1394 258 1447 quid
297 1393 434 1435 colere
476 1397 724 1448 coeperunt,
769 1394 939 1436 arbores
972 1395 1173 1448 maxime,
1215 1409 1318 1448 quas
1351 1393 1511 1435 violare

155 1453 311 1507 capital
343 1456 417 1494 est.
469 1453 636 1495 Menses
670 1455 714 1494 in
745 1453 897 1508 quinos
926 1454 1055 1495 denos
1077 1453 1383 1507 discripserunt
1411 1453 1512 1506 dies,

154 1514 254 1553 anni
287 1512 414 1566 plena
446 1515 584 1568 spatia
617 1516 851 1555 servantur.
902 1513 1046 1555 Lunae
1079 1528 1205 1555 cursu
1232 1516 1382 1554 notant
1408 1516 1510 1554 tem-

153 1587 268 1626 pora,
300 1587 398 1625 non,
431 1576 480 1614 ut
511 1573 716 1627 plerique,
755 1588 850 1614 cum
884 1573 1029 1614 orbem
1064 1573 1179 1614 sidus
1214 1573 1404 1626 inplevit,
1438 1572 1510 1614 sed

154 1646 248 1672 cum
283 1647 325 1672 se
359 1646 533 1673 curvare
568 1635 708 1686 coepit
741 1632 784 1673 in
818 1647 992 1687 cornua,
1031 1636 1072 1674 et
1104 1633 1260 1674 idcirco
1295 1632 1510 1673 breviores
1531 1647 1564 1673 25

153 1690 311 1732 habent
337 1706 513 1743 menses,
540 1694 643 1746 quia
669 1693 854 1746 spatium
877 1707 1023 1733 eorum
1055 1692 1106 1733 ad
1132 1692 1245 1733 hunc
1272 1692 1395 1733 lunae
1423 1705 1510 1732 mo-

250 1789 266 1818 1
296 1784 458 1830 longior]
486 1785 656 1829 longiora
682 1789 754 1819 PR.
835 1786 1039 1831 expeditio]
1067 1785 1258 1829 expedicio
1285 1789 1310 1818 L
1330 1797 1374 1819 m.
1391 1796 1450 1829 pr.
1472 1787 1508 1817 P.

154 1836 172 1865 2
202 1832 358 1877 vehunt]
378 1833 496 1867 uehut
515 1837 587 1866 PV.
665 1837 683 1867 3
711 1844 756 1867 ne
777 1845 843 1867 om.
864 1837 899 1867 P.
976 1837 996 1866 4
1018 1833 1186 1877 sequitur
1205 1845 1270 1867 om.
1292 1836 1331 1866 R.
1407 1836 1426 1865 ὁ
1454 1834 1510 1866 est

153 1892 218 1913 om.
231 1883 270 1914 R.
322 1880 525 1926 luxuriam]
541 1880 724 1915 luxoriam
738 1884 777 1915 R.
842 1885 861 1915 8
878 1880 1056 1926 sopitum]
1079 1881 1240 1915 sobitum
1254 1884 1289 1914 P.
1344 1883 1385 1913 10
1402 1879 1509 1924 vitia]

153 1927 290 1961 uiciaL
310 1940 353 1962 m.
374 1940 430 1971 μν.
445 1932 484 1962 V.
563 1933 603 1962 11
627 1930 683 1962 est
703 1932 781 1963 PR:
804 1940 870 1962 om.
888 1933 920 1962 C.
998 1932 1039 1962 13
1061 1930 1126 1962 aut
1147 1928 1270 1973 segnis
1286 1928 1506 1962 Frobenius:

153 1977 279 2008 autem
306 1976 430 2019 segnis
456 1979 522 2008 AR
543 1976 684 2021 [autem
706 1987 837 2021 segnes
852 1980 878 2009 P
897 1988 941 2010 m.
958 1988 1016 2020 pr.
1033 1979 1061 2009 V
1084 1988 1125 2010 m.
1143 1976 1229 2021 Ρν]
1306 1977 1407 2009 aetas
1429 1975 1508 2020 aut]

153 2024 255 2056 aetas
276 2023 368 2057 haut
382 2027 416 2056 P.
496 2028 537 2057 14
560 2024 811 2068 expectatam}
834 2024 1036 2068 expetitam
1053 2027 1091 2058 R.
1168 2023 1362 2067 dedecore]
1377 2021 1509 2056 decore

152 2073 224 2104 PR.
296 2074 338 2104 15
361 2070 474 2116 ullus]
489 2070 601 2104 ullius
616 2074 687 2105 PR.
773 2067 813 2104 115
835 2072 915 2117 qui]
931 2072 1019 2114 quia
1033 2075 1061 2104 V
1075 2084 1117 2105 m.
1136 2082 1192 2115 pr.
1269 2070 1453 2114 spirantes
1479 2072 1508 2102 B

153 2129 195 2151 w:
214 2119 291 2152 sil„-
325 2120 572 2162 sperantesA
577 2147 582 2152 .
710 2122 748 2151 17
777 2118 956 2165 publicis]
991 2118 1151 2163 puplicis
1176 2122 1211 2152 P.
1294 2117 1507 2151 muneribus

151 2165 300 2209 scripsi:
334 2166 546 2200 moribusA
657 2166 814 2211 degunt}
846 2168 980 2210 tegunt
1012 2170 1050 2199 R.
1130 2169 1171 2200 18
1199 2165 1306 2210 scite]
1333 2165 1445 2199 scites
1471 2167 1507 2205 P,

153 2212 290 2246 scithes
317 2216 356 2246 R.
415 2217 456 2247 21
475 2194 690 2268 coeperunt]
707 2216 909 2257 caeperunt
923 2217 999 2247 RV
1059 2217 1101 2247 2⁵2
1118 2212 1274 2257 capital}
1290 2211 1453 2256 capitale
1466 2215 1506 2245 R.

153 2259 422 2304 discripserunt
459 2262 606 2305 scripsi:
641 2261 917 2304 desciipserunt
950 2264 1026 2294 AB.
1156 2264 1198 2294 23
1232 2261 1343 2305 plena
1376 2270 1442 2294 om.
1470 2262 1506 2292 B.

153 2311 196 2340 24
218 2308 360 2353 orbem]
381 2308 507 2342 obrem
522 2312 547 2342 P
567 2311 960 2352 112.1)1·.V111..see.25
982 2308 1122 2353 coepit]
1144 2308 1267 2352 caepit
1286 2311 1326 2341 R.
1378 2310 1421 2340 26
1443 2306 1508 2340 ha-

154 2355 256 2401 bent]
284 2356 398 2390 abent
417 2360 453 2390 1..
528 2356 615 2399 quia
645 2356 814 2391 lmehler:
843 2356 905 2399 qui
926 2360 964 2390 A.
1040 2356 1219 2401 spatium]
1247 2355 1412 2400 spacium
1433 2357 1505 2387 PV.
