1610 2522
382 67 707 101 HISTfflssARUM
741 66 1015 100 ALEXANDRJ
1044 66 1104 106 nl,
1132 70 1162 99 8.
1185 71 1215 99 t».
1413 66 1468 105 25⁹)

121 178 218 218 stris
267 177 392 229 acies,
440 176 721 230 qnadraginta
772 175 888 216 milia
930 175 1232 229 sequebantur,
1285 174 1467 229 Hyrcani
1497 187 1516 216 5

121 237 268 278 deinde
294 236 491 290 Medique
518 236 693 290 equites,
720 235 785 275 his
813 235 993 289 proximi
1017 238 1250 275 ceterarum
1279 234 1470 289 gentium

121 296 231 337 ultra
265 310 336 337 eos
363 296 509 336 dextra
536 296 737 349 laevaque
771 294 978 348 dispositi.
1042 293 1134 334 Hoc
1165 309 1328 349 agmen,
1361 294 1470 334 sicut

121 356 280 398 dictum
320 357 400 408 est,
438 354 690 395 instructum
727 366 772 394 VI
804 354 923 394 milia
964 354 1245 395 iaculatorum
1286 354 1472 394 fundito-

86 433 100 457 5
122 430 298 469 rumque
325 414 639 456 antecedebant.
692 413 907 467 Quidquid
941 414 983 453 in
1011 413 1095 454 illis
1122 413 1332 468 angustiis
1365 413 1470 454 adiri
1499 425 1517 455 6

121 476 304 529 poterat,
347 474 609 527 inpleverant
642 474 806 527 copiae,
848 487 1089 527 cornuaque
1131 473 1230 513 hinc
1263 473 1315 513 ab
1358 473 1471 528 iugo,

120 534 238 574 illinc
265 549 288 573 a
315 534 420 574 mari
443 533 623 583 stabant,
649 547 822 574 uxorem
844 535 1107 586 matremque
1134 532 1245 587 regis
1272 535 1313 572 et
1340 532 1470 573 alium

120 594 371 635 feminarum
407 607 578 648 gregem
612 593 655 633 in
688 592 873 633 medium
907 606 1058 647 agmen
1092 595 1351 645 acceperant.

49 655 97 691 24
207 652 449 693 Alexander
486 652 759 707 phalangem,
802 667 885 705 qua
926 651 1034 692 nihil
1072 652 1183 705 apud
1216 651 1470 693 Macedonas
1499 663 1516 692 7

67 730 99 754 10
119 712 300 753 validius
327 715 427 765 erat,
461 711 503 752 in
530 711 670 752 fronte
698 711 931 752 constituit.
994 711 1202 752 Dextrum
1235 726 1365 753 cornu
1398 710 1471 751 Ni-

119 786 266 824 canor,
298 770 591 812 Parmenionis
625 771 754 824 filius,
787 771 1004 811 tuebatur:
1040 770 1141 812 huic
1173 770 1358 825 proximi
1391 774 1472 811 sta-

118 831 221 872 bant
255 832 418 872 Coenos
458 833 499 872 et
538 830 760 872 Perdiccas
803 833 844 871 et
875 830 1089 885 Meleager
1131 834 1167 871 et
1199 829 1471 871 Ptolomaeus

119 893 160 931 et
204 889 430 944 Amyntas,
478 890 541 930 sui
588 890 766 943 quisque
809 889 991 944 agminis
1040 889 1176 931 duces.
1240 889 1288 930 In
1338 891 1470 943 laevo,
1497 904 1516 930 ὅ

120 950 232 1004 qnod
265 950 317 990 ad
350 964 463 990 mare
495 949 748 1004 pertinebat,
782 948 980 990 Craterus
1013 952 1054 989 et
1084 948 1307 990 Parmenio
1341 953 1471 1002 erant,

67 1027 98 1051 15
120 1009 192 1050 sed
235 1009 432 1050 Craterus
473 1008 742 1050 Parmenioni
786 1024 932 1062 parere
974 1008 1124 1049 iussus.
1195 1008 1374 1062 Equites
1418 1009 1470 1049 ab

119 1071 298 1123 utroque
345 1083 477 1110 cornu
522 1068 667 1110 locati:
719 1068 914 1109 dextrum
959 1068 1211 1109 Macedones
1256 1068 1470 1109 Thessalis

118 1128 346 1181 adiunctis,
378 1128 543 1169 laevum
579 1128 880 1182 Peloponnesii
921 1127 1159 1169 tuebantur.
1216 1127 1330 1169 Ante
1363 1127 1472 1170 hanc
1499 1140 1517 1168 9

118 1189 249 1229 aciem
278 1190 478 1242 posuerat
503 1188 768 1228 funditorum
794 1202 966 1228 manum
997 1187 1233 1242 sagittariis
1261 1187 1470 1228 admixtis.

118 1247 301 1288 Thraces
329 1261 497 1301 quoque
531 1250 571 1288 et
599 1246 818 1288 Cretenses
852 1249 948 1288 ante
975 1261 1126 1302 agmen
1154 1247 1284 1299 ibant,
1317 1250 1358 1287 et
1391 1247 1469 1301 ipsi

65 1324 98 1349 20
118 1306 269 1347 leviter
301 1306 464 1348 armati.
528 1306 586 1347 At
619 1306 683 1360 iis,
716 1307 786 1360 qui
816 1307 1037 1361 praemissi
1071 1307 1122 1347 ab
1151 1306 1288 1347 Dareo
1322 1306 1470 1361 iugum
1500 1318 1542 1347 10

118 1366 275 1407 montis
296 1366 551 1419 insederant,
579 1365 790 1421 Agrianos
813 1366 1014 1419 opposuit
1035 1381 1084 1406 ex
1105 1365 1310 1407 Thraecia
1337 1381 1471 1421 nuper

118 1425 327 1467 advectos.
390 1425 662 1467 Parmenioni
689 1427 829 1466 autem
856 1428 1140 1480 praeceperat,
1172 1428 1231 1477 ut,
1265 1429 1469 1480 quantum

118 1487 274 1538 posset,
306 1499 457 1540 agmen
485 1485 536 1525 ad
563 1500 677 1525 mare
705 1485 960 1538 extenderet,
993 1500 1076 1538 quo
1106 1485 1278 1540 longius
1305 1485 1471 1526 abesset

117 1544 228 1585 acies
269 1544 504 1597 montibus,
554 1559 659 1598 quos
702 1547 1012 1598 occupaverant
1060 1545 1240 1585 barbari.
1303 1544 1362 1585 At
1407 1545 1469 1585 illi
1499 1556 1538 1585 11

64 1621 96 1645 25
118 1618 252 1657 neque
286 1603 454 1644 obstare
481 1603 748 1644 venientibus
773 1618 851 1645 nec
884 1604 1106 1645 circumire
1131 1606 1469 1659 praetergressos

117 1662 206 1703 ausi
251 1662 516 1703 funditorum
557 1663 740 1704 maxime
782 1666 955 1717 aspectu
996 1664 1133 1705 territi
1178 1664 1469 1719 profugerant,

117 1736 248 1776 eaque
290 1737 355 1762 res
397 1721 638 1763 Alexandro
684 1725 825 1763 tutum
869 1723 1051 1778 agminis
1091 1725 1220 1776 latus,
1263 1724 1375 1777 quod
1417 1738 1468 1763 ne

117 1796 296 1835 superne
328 1782 618 1834 incesseretur,
651 1782 864 1834 timuerat,
896 1783 1120 1836 praestitit.
1183 1795 1278 1823 XXX
1311 1786 1353 1823 et
1385 1783 1467 1823 duo
1499 1795 1538 1824 12

212 1902 232 1931 4
252 1911 288 1931 VI
308 1897 412 1931 milia
431 1901 456 1931 P
478 1898 562 1943 [Vr]
585 1911 618 1931 v1
641 1902 672 1932 c.
748 1902 766 1932 9
789 1910 863 1943 qua
882 1903 914 1932 1:
937 1911 1008 1942 quo
1030 1903 1068 1933 A.
1151 1904 1191 1933 11
1215 1899 1469 1934 Parmenionis

116 1949 156 1979 P:
184 1945 432 1989 permenionis
460 1949 491 1979 C.
604 1950 645 1980 12
674 1945 812 1981 Coenos
839 1948 974 1982 Aldus:
1003 1958 1110 1981 cenos
1137 1951 1176 1981 A.
1283 1947 1471 1992 Meleager

118 1994 257 2028 Lauer:
285 1993 496 2037 moeleager
515 1997 554 2026 A.
629 1997 667 2028 et
686 1994 769 2028 add.
791 1998 817 2027 1.
892 1994 1130 2029 Ptolomaeus
1150 1996 1295 2039 scripsi:
1322 1994 1469 2039 ptholo-

117 2052 219 2074 meus
246 2044 284 2074 A.
386 2044 427 2074 13
454 2042 636 2085 Amyntas
657 2045 698 2074 P:
727 2041 886 2076 amintas
914 2046 946 2076 C.
1048 2046 1090 2076 14
1117 2042 1181 2088 ad]
1209 2054 1229 2076 a
1250 2046 1284 2076 L.
1385 2041 1468 2076 Cra-

115 2088 233 2134 terus]
275 2090 436 2122 creterus
469 2092 494 2121 P
529 2100 573 2123 m.
600 2100 656 2132 pr.
790 2093 832 2123 15
870 2089 1124 2135 Parmenioni]
1163 2089 1395 2134 permenioni
1431 2093 1468 2124 B.

118 2138 159 2169 17
187 2135 372 2169 adiunctis
393 2136 528 2170 Aldus:
557 2135 724 2170 adiuncti
745 2139 783 2169 A.
858 2136 1120 2181 Peloponnesii
1141 2138 1336 2172 Heinsius:
1367 2137 1468 2182 pelo-

115 2183 271 2227 ponensi
297 2186 335 2216 A.
454 2187 497 2216 20
524 2184 569 2217 iis
603 2183 834 2218 Vindelinus:
862 2184 920 2218 his
948 2188 980 2226 c,
1008 2185 1061 2218 »is
1087 2189 1113 2218 P
1140 2186 1216 2231 [sed
1241 2185 1266 2218 h
1291 2196 1365 2219 non
1391 2197 1467 2219 era-

115 2231 221 2276 sum]
297 2234 338 2264 21
368 2230 548 2265 Thraecia
576 2231 719 2276 Sta‘nyl:
754 2232 901 2276 graecia
928 2237 960 2267 C.
988 2233 1131 2277 graetia
1157 2236 1191 2266 P.
1275 2236 1317 2266 23
1343 2234 1469 2276 posset

117 2290 181 2312 om.
203 2281 228 2310 L
255 2290 298 2312 rm.
314 2290 373 2322 pr.
394 2281 420 2310 P
559 2282 601 2312 25
630 2278 861 2313 venientibus
889 2283 921 2313 1:
955 2280 1139 2314 uenientis
1168 2284 1200 2323 C,
1227 2280 1415 2314 uenienti*
1431 2284 1466 2313 P.

118 2329 160 2359 26
188 2324 434 2371 funditorum]
461 2325 701 2360 fundatorum
727 2330 752 2359 P
779 2339 822 2361 m.
838 2338 896 2371 pr.
