<?xml version="1.0" encoding="UTF-8"?>
<!DOCTYPE html PUBLIC "-//W3C//DTD XHTML 1.0 Transitional//EN"
    "http://www.w3.org/TR/xhtml1/DTD/xhtml1-transitional.dtd">
<html xmlns="http://www.w3.org/1999/xhtml" xml:lang="en" lang="en">
 <head>
  <title>
</title>
<meta http-equiv="Content-Type" content="text/html;charset=utf-8" />
  <meta name='ocr-system' content='tesseract 3.04.00' />
  <meta name='ocr-capabilities' content='ocr_page ocr_carea ocr_par ocr_line ocrx_word'/>
</head>
<body>
  <div class='ocr_page' id='page_1' title='image "./historiaealexand00curtuoft_0278.png"; bbox 0 0 1610 2522; ppageno 0'>
   <div class='ocr_carea' id='block_1_1' title="bbox 83 292 100 319">
    <p class='ocr_par' dir='ltr' id='par_1_1' title="bbox 83 292 100 319">
     <span class='ocr_line' id='line_1_1' title="bbox 83 292 100 319; baseline 0 -4"><span class='ocrx_word' id='word_1_1' title='bbox 83 292 100 319; x_wconf 66' lang='lat' dir='ltr'>{t</span> 
     </span>
    </p>
   </div>
   <div class='ocr_carea' id='block_1_2' title="bbox 61 529 101 557">
    <p class='ocr_par' dir='ltr' id='par_1_2' title="bbox 61 529 101 557">
     <span class='ocr_line' id='line_1_2' title="bbox 61 529 101 557; baseline -0.1 0"><span class='ocrx_word' id='word_1_2' title='bbox 61 529 101 557; x_wconf 73' lang='lat' dir='ltr'>lf)</span> 
     </span>
    </p>
   </div>
   <div class='ocr_carea' id='block_1_3' title="bbox 61 648 95 677">
    <p class='ocr_par' dir='ltr' id='par_1_3' title="bbox 61 648 95 677">
     <span class='ocr_line' id='line_1_3' title="bbox 61 648 95 677; baseline 0 0"><span class='ocrx_word' id='word_1_3' title='bbox 61 648 95 677; x_wconf 96' lang='grc'>11</span> 
     </span>
    </p>
   </div>
   <div class='ocr_carea' id='block_1_4' title="bbox 59 827 99 856">
    <p class='ocr_par' dir='ltr' id='par_1_4' title="bbox 59 827 99 856">
     <span class='ocr_line' id='line_1_4' title="bbox 59 827 99 856; baseline 0 0"><span class='ocrx_word' id='word_1_4' title='bbox 59 827 99 856; x_wconf 84' lang='grc'>12</span> 
     </span>
    </p>
   </div>
   <div class='ocr_carea' id='block_1_5' title="bbox 58 1006 99 1035">
    <p class='ocr_par' dir='ltr' id='par_1_5' title="bbox 58 1006 99 1035">
     <span class='ocr_line' id='line_1_5' title="bbox 58 1006 99 1035; baseline 0 0"><span class='ocrx_word' id='word_1_5' title='bbox 58 1006 99 1035; x_wconf 85' lang='grc'>13</span> 
     </span>
    </p>
   </div>
   <div class='ocr_carea' id='block_1_6' title="bbox 57 1245 98 1274">
    <p class='ocr_par' dir='ltr' id='par_1_6' title="bbox 57 1245 98 1274">
     <span class='ocr_line' id='line_1_6' title="bbox 57 1245 98 1274; baseline 0 0"><span class='ocrx_word' id='word_1_6' title='bbox 57 1245 98 1274; x_wconf 79' lang='grc'>14</span> 
     </span>
    </p>
   </div>
   <div class='ocr_carea' id='block_1_7' title="bbox 57 1602 98 1631">
    <p class='ocr_par' dir='ltr' id='par_1_7' title="bbox 57 1602 98 1631">
     <span class='ocr_line' id='line_1_7' title="bbox 57 1602 98 1631; baseline 0 0"><span class='ocrx_word' id='word_1_7' title='bbox 57 1602 98 1631; x_wconf 84' lang='grc'>15</span> 
     </span>
    </p>
   </div>
   <div class='ocr_carea' id='block_1_8' title="bbox 57 1781 98 1809">
    <p class='ocr_par' dir='ltr' id='par_1_8' title="bbox 57 1781 98 1809">
     <span class='ocr_line' id='line_1_8' title="bbox 57 1781 98 1809; baseline 0 0"><span class='ocrx_word' id='word_1_8' title='bbox 57 1781 98 1809; x_wconf 79' lang='grc'>16</span> 
     </span>
    </p>
   </div>
   <div class='ocr_carea' id='block_1_9' title="bbox 130 110 984 151">
    <p class='ocr_par' dir='ltr' id='par_1_9' title="bbox 130 110 984 151">
     <span class='ocr_line' id='line_1_9' title="bbox 130 110 984 151; baseline -0.009 0"><span class='ocrx_word' id='word_1_9' title='bbox 130 111 215 151; x_wconf 78' lang='grc'>264</span> <span class='ocrx_word' id='word_1_10' title='bbox 633 112 673 151; x_wconf 69' lang='lat' dir='ltr'>Q.</span> <span class='ocrx_word' id='word_1_11' title='bbox 702 110 842 144; x_wconf 62' lang='lat' dir='ltr'>‹wlt&#39;rl</span> <span class='ocrx_word' id='word_1_12' title='bbox 872 110 984 144; x_wconf 67' lang='lat' dir='ltr'>RUFI</span> 
     </span>
    </p>
   </div>
   <div class='ocr_carea' id='block_1_10' title="bbox 125 219 1554 1881">
    <p class='ocr_par' dir='ltr' id='par_1_10' title="bbox 125 219 1554 1881">
     <span class='ocr_line' id='line_1_10' title="bbox 130 219 1484 274; baseline 0.002 -16"><span class='ocrx_word' id='word_1_13' title='bbox 130 219 335 273; x_wconf 80' lang='lat' dir='ltr'>obsequio</span> <span class='ocrx_word' id='word_1_14' title='bbox 376 220 425 260; x_wconf 77' lang='lat' dir='ltr'>de</span> <span class='ocrx_word' id='word_1_15' title='bbox 469 219 534 260; x_wconf 90' lang='lat' dir='ltr'>die</span> <span class='ocrx_word' id='word_1_16' title='bbox 568 219 809 260; x_wconf 84' lang='lat' dir='ltr'>convivium</span> <span class='ocrx_word' id='word_1_17' title='bbox 844 219 1038 273; x_wconf 85' lang='lat' dir='ltr'>apparari</span> <span class='ocrx_word' id='word_1_18' title='bbox 1074 219 1191 259; x_wconf 86' lang='lat' dir='ltr'>iubet</span> <span class='ocrx_word' id='word_1_19' title='bbox 1224 220 1409 274; x_wconf 85' lang='lat' dir='ltr'>vinoque</span> <span class='ocrx_word' id='word_1_20' title='bbox 1443 222 1484 261; x_wconf 90' lang='lat' dir='ltr'>et</span> 
     </span>
     <span class='ocr_line' id='line_1_11' title="bbox 130 278 1482 333; baseline 0 -13"><span class='ocrx_word' id='word_1_21' title='bbox 130 279 268 333; x_wconf 86' lang='lat' dir='ltr'>epulis</span> <span class='ocrx_word' id='word_1_22' title='bbox 294 280 437 333; x_wconf 69' lang='lat' dir='ltr'>gravis</span> <span class='ocrx_word' id='word_1_23' title='bbox 464 282 506 319; x_wconf 89' lang='lat' dir='ltr'>et</span> <span class='ocrx_word' id='word_1_24' title='bbox 533 279 812 320; x_wconf 80' lang='lat' dir='ltr'>semisomnus</span> <span class='ocrx_word' id='word_1_25' title='bbox 841 279 883 319; x_wconf 86' lang='lat' dir='ltr'>iu</span> <span class='ocrx_word' id='word_1_26' title='bbox 910 278 1152 320; x_wconf 78' lang='lat' dir='ltr'>cubiculum</span> <span class='ocrx_word' id='word_1_27' title='bbox 1176 280 1318 319; x_wconf 80' lang='lat' dir='ltr'>fertur.</span> <span class='ocrx_word' id='word_1_28' title='bbox 1351 279 1482 328; x_wconf 85' lang='lat' dir='ltr'>Quem</span> 
     </span>
     <span class='ocr_line' id='line_1_12' title="bbox 129 338 1483 394; baseline 0.001 -16"><span class='ocrx_word' id='word_1_29' title='bbox 129 342 176 379; x_wconf 91' lang='lat' dir='ltr'>ut</span> <span class='ocrx_word' id='word_1_30' title='bbox 209 338 294 379; x_wconf 87' lang='lat' dir='ltr'>alto</span> <span class='ocrx_word' id='word_1_31' title='bbox 329 341 371 380; x_wconf 92' lang='lat' dir='ltr'>et</span> <span class='ocrx_word' id='word_1_32' title='bbox 401 338 520 394; x_wconf 84' lang='lat' dir='ltr'>gravi</span> <span class='ocrx_word' id='word_1_33' title='bbox 555 353 704 379; x_wconf 83' lang='lat' dir='ltr'>somno</span> <span class='ocrx_word' id='word_1_34' title='bbox 738 338 926 392; x_wconf 89' lang='lat' dir='ltr'>sopitum</span> <span class='ocrx_word' id='word_1_35' title='bbox 960 352 1050 378; x_wconf 85' lang='lat' dir='ltr'>esse</span> <span class='ocrx_word' id='word_1_36' title='bbox 1088 338 1219 378; x_wconf 83' lang='lat' dir='ltr'>sensit</span> <span class='ocrx_word' id='word_1_37' title='bbox 1246 353 1364 392; x_wconf 82' lang='lat' dir='ltr'>uxor,</span> <span class='ocrx_word' id='word_1_38' title='bbox 1397 339 1483 394; x_wconf 80' lang='lat' dir='ltr'>gla-</span> 
     </span>
     <span class='ocr_line' id='line_1_13' title="bbox 130 397 1483 452; baseline 0.001 -14"><span class='ocrx_word' id='word_1_39' title='bbox 130 398 257 449; x_wconf 87' lang='lat' dir='ltr'>dium,</span> <span class='ocrx_word' id='word_1_40' title='bbox 299 413 425 452; x_wconf 82' lang='lat' dir='ltr'>quem</span> <span class='ocrx_word' id='word_1_41' title='bbox 458 401 575 438; x_wconf 87' lang='lat' dir='ltr'>veste</span> <span class='ocrx_word' id='word_1_42' title='bbox 609 397 907 446; x_wconf 77' lang='lat' dir='ltr'>occultaverat,</span> <span class='ocrx_word' id='word_1_43' title='bbox 946 397 1119 451; x_wconf 74' lang='lat' dir='ltr'>stringit</span> <span class='ocrx_word' id='word_1_44' title='bbox 1151 401 1362 452; x_wconf 79' lang='lat' dir='ltr'>caputque</span> <span class='ocrx_word' id='word_1_45' title='bbox 1395 399 1483 439; x_wconf 88' lang='lat' dir='ltr'>eius</span> 
     </span>
     <span class='ocr_line' id='line_1_14' title="bbox 129 452 1536 512; baseline 0.001 -14"><span class='ocrx_word' id='word_1_46' title='bbox 129 458 340 499; x_wconf 78' lang='lat' dir='ltr'>abscisum</span> <span class='ocrx_word' id='word_1_47' title='bbox 386 471 533 498; x_wconf 85' lang='lat' dir='ltr'>cruore</span> <span class='ocrx_word' id='word_1_48' title='bbox 572 471 764 512; x_wconf 87' lang='lat' dir='ltr'>respersa</span> <span class='ocrx_word' id='word_1_49' title='bbox 803 471 924 498; x_wconf 84' lang='lat' dir='ltr'>servo</span> <span class='ocrx_word' id='word_1_50' title='bbox 966 471 1042 497; x_wconf 90' lang='lat' dir='ltr'>suo</span> <span class='ocrx_word' id='word_1_51' title='bbox 1065 452 1249 498; x_wconf 25' lang='lat' dir='ltr'>*conscio</span> <span class='ocrx_word' id='word_1_52' title='bbox 1284 458 1482 499; x_wconf 81' lang='lat' dir='ltr'>facinoris</span> <span class='ocrx_word' id='word_1_53' title='bbox 1522 484 1536 499; x_wconf 81' lang='lat'>.‚</span> 
     </span>
     <span class='ocr_line' id='line_1_15' title="bbox 128 516 1554 571; baseline 0 -14"><span class='ocrx_word' id='word_1_54' title='bbox 128 517 268 558; x_wconf 87' lang='lat' dir='ltr'>tradit.</span> <span class='ocrx_word' id='word_1_55' title='bbox 324 516 485 557; x_wconf 80' lang='lat' dir='ltr'>Eodem</span> <span class='ocrx_word' id='word_1_56' title='bbox 519 518 761 570; x_wconf 87' lang='lat' dir='ltr'>comitante,</span> <span class='ocrx_word' id='word_1_57' title='bbox 795 517 919 557; x_wconf 88' lang='lat' dir='ltr'>sicuti</span> <span class='ocrx_word' id='word_1_58' title='bbox 953 519 1043 557; x_wconf 91' lang='lat' dir='ltr'>erat</span> <span class='ocrx_word' id='word_1_59' title='bbox 1074 520 1245 557; x_wconf 81' lang='lat' dir='ltr'>cruenta</span> <span class='ocrx_word' id='word_1_60' title='bbox 1279 520 1407 571; x_wconf 75' lang='lat' dir='ltr'>veste,</span> <span class='ocrx_word' id='word_1_61' title='bbox 1440 517 1482 557; x_wconf 89' lang='lat' dir='ltr'>in</span> <span class='ocrx_word' id='word_1_62' title='bbox 1508 523 1554 557; x_wconf 72' lang='lat'>12</span> 
     </span>
     <span class='ocr_line' id='line_1_16' title="bbox 130 575 1482 630; baseline 0.001 -14"><span class='ocrx_word' id='word_1_63' title='bbox 130 576 409 617; x_wconf 78' lang='lat' dir='ltr'>Macedonum</span> <span class='ocrx_word' id='word_1_64' title='bbox 468 581 605 617; x_wconf 77' lang='lat' dir='ltr'>castra</span> <span class='ocrx_word' id='word_1_65' title='bbox 660 576 855 630; x_wconf 81' lang='lat' dir='ltr'>pervenit</span> <span class='ocrx_word' id='word_1_66' title='bbox 910 576 1182 629; x_wconf 81' lang='lat' dir='ltr'>nuntiarique</span> <span class='ocrx_word' id='word_1_67' title='bbox 1239 575 1482 618; x_wconf 75' lang='lat' dir='ltr'>Alexandro</span> 
     </span>
     <span class='ocr_line' id='line_1_17' title="bbox 128 635 1483 691; baseline 0.001 -15"><span class='ocrx_word' id='word_1_68' title='bbox 128 636 258 690; x_wconf 88' lang='lat' dir='ltr'>iubet,</span> <span class='ocrx_word' id='word_1_69' title='bbox 291 650 394 689; x_wconf 83' lang='lat' dir='ltr'>esse,</span> <span class='ocrx_word' id='word_1_70' title='bbox 433 650 540 689; x_wconf 80' lang='lat' dir='ltr'>quae</span> <span class='ocrx_word' id='word_1_71' title='bbox 572 650 622 676; x_wconf 85' lang='lat' dir='ltr'>ex</span> <span class='ocrx_word' id='word_1_72' title='bbox 655 637 747 690; x_wconf 87' lang='lat' dir='ltr'>ipsa</span> <span class='ocrx_word' id='word_1_73' title='bbox 775 636 945 676; x_wconf 76' lang='lat' dir='ltr'>deberet</span> <span class='ocrx_word' id='word_1_74' title='bbox 979 649 1216 691; x_wconf 82' lang='lat' dir='ltr'>agnoscere.</span> <span class='ocrx_word' id='word_1_75' title='bbox 1279 635 1357 677; x_wconf 86' lang='lat' dir='ltr'>llle</span> <span class='ocrx_word' id='word_1_76' title='bbox 1391 651 1483 690; x_wconf 87' lang='lat' dir='ltr'>pro-</span> 
     </span>
     <span class='ocr_line' id='line_1_18' title="bbox 127 694 1481 750; baseline 0 -14"><span class='ocrx_word' id='word_1_77' title='bbox 127 697 243 736; x_wconf 88' lang='lat' dir='ltr'>tinus</span> <span class='ocrx_word' id='word_1_78' title='bbox 290 695 510 736; x_wconf 87' lang='lat' dir='ltr'>barbaram</span> <span class='ocrx_word' id='word_1_79' title='bbox 555 696 680 736; x_wconf 87' lang='lat' dir='ltr'>iussit</span> <span class='ocrx_word' id='word_1_80' title='bbox 725 695 903 736; x_wconf 89' lang='lat' dir='ltr'>admitti.</span> <span class='ocrx_word' id='word_1_81' title='bbox 977 694 1112 742; x_wconf 85' lang='lat' dir='ltr'>Quam</span> <span class='ocrx_word' id='word_1_82' title='bbox 1158 698 1204 735; x_wconf 92' lang='lat' dir='ltr'>ut</span> <span class='ocrx_word' id='word_1_83' title='bbox 1248 710 1481 750; x_wconf 80' lang='lat' dir='ltr'>respersam</span> 
     </span>
     <span class='ocr_line' id='line_1_19' title="bbox 129 754 1537 809; baseline 0.003 -14"><span class='ocrx_word' id='word_1_84' title='bbox 129 769 278 796; x_wconf 86' lang='lat' dir='ltr'>cruore</span> <span class='ocrx_word' id='word_1_85' title='bbox 317 755 558 809; x_wconf 75' lang='lat' dir='ltr'>conspexit,</span> <span class='ocrx_word' id='word_1_86' title='bbox 601 758 718 796; x_wconf 89' lang='lat' dir='ltr'>ratus</span> <span class='ocrx_word' id='word_1_87' title='bbox 761 754 813 795; x_wconf 88' lang='lat' dir='ltr'>ad</span> <span class='ocrx_word' id='word_1_88' title='bbox 845 754 1146 808; x_wconf 80' lang='lat' dir='ltr'>deplorandam</span> <span class='ocrx_word' id='word_1_89' title='bbox 1181 756 1482 796; x_wconf 87' lang='lat' dir='ltr'>contumeliam</span> <span class='ocrx_word' id='word_1_90' title='bbox 1506 774 1537 799; x_wconf 74' lang='grc' dir='ltr'>ιο</span> 
     </span>
     <span class='ocr_line' id='line_1_20' title="bbox 127 813 1483 868; baseline 0 -13"><span class='ocrx_word' id='word_1_91' title='bbox 127 815 311 868; x_wconf 80' lang='lat' dir='ltr'>venisse,</span> <span class='ocrx_word' id='word_1_92' title='bbox 357 815 512 868; x_wconf 81' lang='lat' dir='ltr'>dicere,</span> <span class='ocrx_word' id='word_1_93' title='bbox 558 829 664 868; x_wconf 85' lang='lat' dir='ltr'>quae</span> <span class='ocrx_word' id='word_1_94' title='bbox 708 816 855 868; x_wconf 87' lang='lat' dir='ltr'>vellet,</span> <span class='ocrx_word' id='word_1_95' title='bbox 900 814 1027 855; x_wconf 88' lang='lat' dir='ltr'>iubet.</span> <span class='ocrx_word' id='word_1_96' title='bbox 1091 813 1149 854; x_wconf 84' lang='lat' dir='ltr'>At</span> <span class='ocrx_word' id='word_1_97' title='bbox 1188 813 1260 855; x_wconf 84' lang='lat' dir='ltr'>illa</span> <span class='ocrx_word' id='word_1_98' title='bbox 1302 829 1483 868; x_wconf 85' lang='lat' dir='ltr'>servum,</span> 
     </span>
     <span class='ocr_line' id='line_1_21' title="bbox 128 873 1482 929; baseline 0 -14"><span class='ocrx_word' id='word_1_99' title='bbox 128 889 252 929; x_wconf 92' lang='lat' dir='ltr'>quem</span> <span class='ocrx_word' id='word_1_100' title='bbox 285 875 330 915; x_wconf 89' lang='lat' dir='ltr'>in</span> <span class='ocrx_word' id='word_1_101' title='bbox 362 874 573 915; x_wconf 75' lang='lat' dir='ltr'>vestibulo</span> <span class='ocrx_word' id='word_1_102' title='bbox 608 877 719 915; x_wconf 87' lang='lat' dir='ltr'>stare</span> <span class='ocrx_word' id='word_1_103' title='bbox 752 875 944 926; x_wconf 86' lang='lat' dir='ltr'>iusserat,</span> <span class='ocrx_word' id='word_1_104' title='bbox 978 873 1189 914; x_wconf 85' lang='lat' dir='ltr'>introduci</span> <span class='ocrx_word' id='word_1_105' title='bbox 1217 873 1482 915; x_wconf 88' lang='lat' dir='ltr'>desideravit.</span> 
     </span>
     <span class='ocr_line' id='line_1_22' title="bbox 130 932 1483 988; baseline 0 -14"><span class='ocrx_word' id='word_1_106' title='bbox 130 933 224 987; x_wconf 81' lang='lat' dir='ltr'>Qui,</span> <span class='ocrx_word' id='word_1_107' title='bbox 258 934 356 988; x_wconf 88' lang='lat' dir='ltr'>quia</span> <span class='ocrx_word' id='word_1_108' title='bbox 391 937 518 988; x_wconf 88' lang='lat' dir='ltr'>caput</span> <span class='ocrx_word' id='word_1_109' title='bbox 552 933 812 988; x_wconf 71' lang='lat' dir='ltr'>Spitamenis</span> <span class='ocrx_word' id='word_1_110' title='bbox 844 937 962 974; x_wconf 86' lang='lat' dir='ltr'>veste</span> <span class='ocrx_word' id='word_1_111' title='bbox 995 936 1155 974; x_wconf 87' lang='lat' dir='ltr'>tectum</span> <span class='ocrx_word' id='word_1_112' title='bbox 1189 932 1385 987; x_wconf 85' lang='lat' dir='ltr'>habebat,</span> <span class='ocrx_word' id='word_1_113' title='bbox 1417 948 1483 974; x_wconf 90' lang='lat' dir='ltr'>su-</span> 
     </span>
     <span class='ocr_line' id='line_1_23' title="bbox 127 992 1482 1048; baseline 0 -14"><span class='ocrx_word' id='word_1_114' title='bbox 127 996 295 1048; x_wconf 88' lang='lat' dir='ltr'>spectus</span> <span class='ocrx_word' id='word_1_115' title='bbox 329 993 630 1047; x_wconf 72' lang='lat' dir='ltr'>scrutantibus,</span> <span class='ocrx_word' id='word_1_116' title='bbox 675 993 775 1046; x_wconf 90' lang='lat' dir='ltr'>quid</span> <span class='ocrx_word' id='word_1_117' title='bbox 810 992 1034 1045; x_wconf 77' lang='lat' dir='ltr'>occuleret,</span> <span class='ocrx_word' id='word_1_118' title='bbox 1068 992 1265 1033; x_wconf 84' lang='lat' dir='ltr'>ostendit.</span> <span class='ocrx_word' id='word_1_119' title='bbox 1330 992 1482 1034; x_wconf 82' lang='lat' dir='ltr'>Confu-</span> 
     </span>
     <span class='ocr_line' id='line_1_24' title="bbox 127 1053 1536 1107; baseline -0.001 -13"><span class='ocrx_word' id='word_1_120' title='bbox 127 1053 246 1094; x_wconf 84' lang='lat' dir='ltr'>derat</span> <span class='ocrx_word' id='word_1_121' title='bbox 272 1053 358 1094; x_wconf 90' lang='lat' dir='ltr'>oris</span> <span class='ocrx_word' id='word_1_122' title='bbox 392 1054 616 1107; x_wconf 73' lang='lat' dir='ltr'>exsanguis</span> <span class='ocrx_word' id='word_1_123' title='bbox 643 1055 766 1093; x_wconf 89' lang='lat' dir='ltr'>notas</span> <span class='ocrx_word' id='word_1_124' title='bbox 794 1055 943 1106; x_wconf 87' lang='lat' dir='ltr'>pallor,</span> <span class='ocrx_word' id='word_1_125' title='bbox 975 1067 1064 1105; x_wconf 89' lang='lat' dir='ltr'>nec,</span> <span class='ocrx_word' id='word_1_126' title='bbox 1098 1053 1192 1106; x_wconf 85' lang='lat' dir='ltr'>quis</span> <span class='ocrx_word' id='word_1_127' title='bbox 1219 1055 1339 1106; x_wconf 87' lang='lat' dir='ltr'>esset,</span> <span class='ocrx_word' id='word_1_128' title='bbox 1365 1053 1482 1094; x_wconf 88' lang='lat' dir='ltr'>nosci</span> <span class='ocrx_word' id='word_1_129' title='bbox 1504 1072 1536 1097; x_wconf 82' lang='lat'>15</span> 
     </span>
     <span class='ocr_line' id='line_1_25' title="bbox 127 1111 1483 1169; baseline -0.001 -15"><span class='ocrx_word' id='word_1_130' title='bbox 127 1113 230 1154; x_wconf 89' lang='lat' dir='ltr'>satis</span> <span class='ocrx_word' id='word_1_131' title='bbox 262 1115 447 1166; x_wconf 87' lang='lat' dir='ltr'>poterat:</span> <span class='ocrx_word' id='word_1_132' title='bbox 481 1127 582 1169; x_wconf 82' lang='lat' dir='ltr'>ergo</span> <span class='ocrx_word' id='word_1_133' title='bbox 616 1126 687 1153; x_wconf 76' lang='lat' dir='ltr'>rex</span> <span class='ocrx_word' id='word_1_134' title='bbox 721 1112 876 1153; x_wconf 84' lang='lat' dir='ltr'>certior</span> <span class='ocrx_word' id='word_1_135' title='bbox 908 1112 1058 1165; x_wconf 83' lang='lat' dir='ltr'>factus,</span> <span class='ocrx_word' id='word_1_136' title='bbox 1090 1111 1324 1153; x_wconf 87' lang='lat' dir='ltr'>humanum</span> <span class='ocrx_word' id='word_1_137' title='bbox 1355 1115 1483 1166; x_wconf 88' lang='lat' dir='ltr'>caput</span> 
     </span>
     <span class='ocr_line' id='line_1_26' title="bbox 127 1171 1482 1225; baseline -0.001 -12"><span class='ocrx_word' id='word_1_138' title='bbox 127 1172 290 1213; x_wconf 87' lang='lat' dir='ltr'>adferre</span> <span class='ocrx_word' id='word_1_139' title='bbox 323 1186 432 1225; x_wconf 92' lang='lat' dir='ltr'>eum,</span> <span class='ocrx_word' id='word_1_140' title='bbox 464 1172 737 1213; x_wconf 85' lang='lat' dir='ltr'>tabernaculo</span> <span class='ocrx_word' id='word_1_141' title='bbox 771 1172 951 1212; x_wconf 83' lang='lat' dir='ltr'>excessit</span> <span class='ocrx_word' id='word_1_142' title='bbox 980 1174 1350 1225; x_wconf 84' lang='lat' dir='ltr'>percontatusque,</span> <span class='ocrx_word' id='word_1_143' title='bbox 1383 1171 1482 1224; x_wconf 90' lang='lat' dir='ltr'>quid</span> 
     </span>
     <span class='ocr_line' id='line_1_27' title="bbox 126 1230 1484 1286; baseline -0.001 -13"><span class='ocrx_word' id='word_1_144' title='bbox 126 1232 188 1274; x_wconf 89' lang='lat' dir='ltr'>rei</span> <span class='ocrx_word' id='word_1_145' title='bbox 221 1233 292 1286; x_wconf 90' lang='lat' dir='ltr'>sit,</span> <span class='ocrx_word' id='word_1_146' title='bbox 338 1233 412 1273; x_wconf 90' lang='grc'><strong>1110</strong></span> <span class='ocrx_word' id='word_1_147' title='bbox 454 1232 681 1286; x_wconf 87' lang='lat' dir='ltr'>profitente</span> <span class='ocrx_word' id='word_1_148' title='bbox 714 1232 944 1286; x_wconf 75' lang='lat' dir='ltr'>cognoscit.</span> <span class='ocrx_word' id='word_1_149' title='bbox 1008 1230 1160 1271; x_wconf 80' lang='lat' dir='ltr'>Variae</span> <span class='ocrx_word' id='word_1_150' title='bbox 1193 1230 1292 1271; x_wconf 90' lang='lat' dir='ltr'>hinc</span> <span class='ocrx_word' id='word_1_151' title='bbox 1325 1232 1484 1286; x_wconf 75' lang='lat' dir='ltr'>cogita-</span> 
     </span>
     <span class='ocr_line' id='line_1_28' title="bbox 126 1291 1480 1347; baseline -0.001 -15"><span class='ocrx_word' id='word_1_152' title='bbox 126 1292 262 1332; x_wconf 85' lang='lat' dir='ltr'>tiones</span> <span class='ocrx_word' id='word_1_153' title='bbox 290 1291 471 1332; x_wconf 81' lang='lat' dir='ltr'>invicem</span> <span class='ocrx_word' id='word_1_154' title='bbox 498 1291 686 1332; x_wconf 88' lang='lat' dir='ltr'>animum</span> <span class='ocrx_word' id='word_1_155' title='bbox 715 1291 879 1331; x_wconf 87' lang='lat' dir='ltr'>diversa</span> <span class='ocrx_word' id='word_1_156' title='bbox 900 1291 1131 1347; x_wconf 81' lang='lat' dir='ltr'>agitantem</span> <span class='ocrx_word' id='word_1_157' title='bbox 1155 1293 1480 1332; x_wconf 84' lang='lat' dir='ltr'>commoverant.</span> 
     </span>
     <span class='ocr_line' id='line_1_29' title="bbox 125 1350 1537 1406; baseline 0 -15"><span class='ocrx_word' id='word_1_158' title='bbox 125 1350 328 1392; x_wconf 88' lang='lat' dir='ltr'>Meritum</span> <span class='ocrx_word' id='word_1_159' title='bbox 355 1351 505 1406; x_wconf 81' lang='lat' dir='ltr'>ingens</span> <span class='ocrx_word' id='word_1_160' title='bbox 533 1351 576 1391; x_wconf 93' lang='lat' dir='ltr'>in</span> <span class='ocrx_word' id='word_1_161' title='bbox 604 1353 736 1391; x_wconf 92' lang='lat' dir='ltr'>semet</span> <span class='ocrx_word' id='word_1_162' title='bbox 763 1365 853 1391; x_wconf 90' lang='lat' dir='ltr'>esse</span> <span class='ocrx_word' id='word_1_163' title='bbox 881 1351 1088 1403; x_wconf 87' lang='lat' dir='ltr'>credebat,</span> <span class='ocrx_word' id='word_1_164' title='bbox 1122 1350 1233 1404; x_wconf 87' lang='lat' dir='ltr'>quod</span> <span class='ocrx_word' id='word_1_165' title='bbox 1261 1350 1483 1406; x_wconf 85' lang='lat' dir='ltr'>transfuga</span> <span class='ocrx_word' id='word_1_166' title='bbox 1503 1370 1537 1394; x_wconf 65' lang='grc' dir='ltr'>ρο</span> 
     </span>
     <span class='ocr_line' id='line_1_30' title="bbox 126 1410 1482 1465; baseline -0.001 -14"><span class='ocrx_word' id='word_1_167' title='bbox 126 1414 167 1452; x_wconf 91' lang='lat' dir='ltr'>et</span> <span class='ocrx_word' id='word_1_168' title='bbox 200 1410 404 1465; x_wconf 82' lang='lat' dir='ltr'>proditor,</span> <span class='ocrx_word' id='word_1_169' title='bbox 436 1411 567 1451; x_wconf 86' lang='lat' dir='ltr'>tantis</span> <span class='ocrx_word' id='word_1_170' title='bbox 594 1410 731 1463; x_wconf 76' lang='lat' dir='ltr'>rebus,</span> <span class='ocrx_word' id='word_1_171' title='bbox 764 1410 799 1451; x_wconf 89' lang='lat' dir='ltr'>si</span> <span class='ocrx_word' id='word_1_172' title='bbox 826 1410 1013 1461; x_wconf 82' lang='lat' dir='ltr'>vixisset,</span> <span class='ocrx_word' id='word_1_173' title='bbox 1046 1410 1276 1450; x_wconf 86' lang='lat' dir='ltr'>iniecturus</span> <span class='ocrx_word' id='word_1_174' title='bbox 1306 1424 1482 1463; x_wconf 87' lang='lat' dir='ltr'>moram,</span> 
     </span>
     <span class='ocr_line' id='line_1_31' title="bbox 126 1468 1482 1525; baseline -0.001 -15"><span class='ocrx_word' id='word_1_175' title='bbox 126 1471 375 1512; x_wconf 84' lang='lat' dir='ltr'>interfectus</span> <span class='ocrx_word' id='word_1_176' title='bbox 423 1474 550 1511; x_wconf 86' lang='lat' dir='ltr'>esset:</span> <span class='ocrx_word' id='word_1_177' title='bbox 600 1473 748 1511; x_wconf 84' lang='lat' dir='ltr'>contra</span> <span class='ocrx_word' id='word_1_178' title='bbox 791 1470 956 1510; x_wconf 87' lang='lat' dir='ltr'>facinus</span> <span class='ocrx_word' id='word_1_179' title='bbox 1002 1471 1151 1525; x_wconf 75' lang='lat' dir='ltr'>ingens</span> <span class='ocrx_word' id='word_1_180' title='bbox 1197 1468 1482 1522; x_wconf 79' lang='lat' dir='ltr'>aversabatur,</span> 
     </span>
     <span class='ocr_line' id='line_1_32' title="bbox 126 1528 1483 1583; baseline -0.002 -12"><span class='ocrx_word' id='word_1_181' title='bbox 126 1545 223 1572; x_wconf 88' lang='lat' dir='ltr'>cum</span> <span class='ocrx_word' id='word_1_182' title='bbox 257 1531 390 1571; x_wconf 72' lang='lat' dir='ltr'>virum</span> <span class='ocrx_word' id='word_1_183' title='bbox 427 1530 587 1583; x_wconf 89' lang='lat' dir='ltr'>optime</span> <span class='ocrx_word' id='word_1_184' title='bbox 620 1529 819 1570; x_wconf 83' lang='lat' dir='ltr'>meritum</span> <span class='ocrx_word' id='word_1_185' title='bbox 855 1529 904 1569; x_wconf 88' lang='lat' dir='ltr'>de</span> <span class='ocrx_word' id='word_1_186' title='bbox 937 1530 1046 1583; x_wconf 87' lang='lat' dir='ltr'>ipsa,</span> <span class='ocrx_word' id='word_1_187' title='bbox 1090 1528 1378 1569; x_wconf 85' lang='lat' dir='ltr'>communium</span> <span class='ocrx_word' id='word_1_188' title='bbox 1414 1543 1483 1583; x_wconf 86' lang='lat' dir='ltr'>pa-</span> 
     </span>
     <span class='ocr_line' id='line_1_33' title="bbox 126 1587 1483 1643; baseline -0.001 -13"><span class='ocrx_word' id='word_1_189' title='bbox 126 1593 287 1630; x_wconf 86' lang='lat' dir='ltr'>rentem</span> <span class='ocrx_word' id='word_1_190' title='bbox 320 1590 499 1630; x_wconf 83' lang='lat' dir='ltr'>liberum</span> <span class='ocrx_word' id='word_1_191' title='bbox 537 1604 610 1643; x_wconf 89' lang='lat' dir='ltr'>per</span> <span class='ocrx_word' id='word_1_192' title='bbox 643 1588 819 1630; x_wconf 79' lang='lat' dir='ltr'>insidias</span> <span class='ocrx_word' id='word_1_193' title='bbox 851 1589 1144 1630; x_wconf 83' lang='lat' dir='ltr'>interemisset.</span> <span class='ocrx_word' id='word_1_194' title='bbox 1197 1587 1314 1629; x_wconf 86' lang='lat' dir='ltr'>Vicit</span> <span class='ocrx_word' id='word_1_195' title='bbox 1341 1591 1483 1629; x_wconf 86' lang='lat' dir='ltr'>tamen</span> 
     </span>
     <span class='ocr_line' id='line_1_34' title="bbox 127 1647 1535 1703; baseline 0.001 -13"><span class='ocrx_word' id='word_1_196' title='bbox 127 1650 306 1703; x_wconf 74' lang='lat' dir='ltr'>gratiam</span> <span class='ocrx_word' id='word_1_197' title='bbox 346 1649 489 1689; x_wconf 87' lang='lat' dir='ltr'>meriti</span> <span class='ocrx_word' id='word_1_198' title='bbox 523 1648 693 1689; x_wconf 86' lang='lat' dir='ltr'>sceleris</span> <span class='ocrx_word' id='word_1_199' title='bbox 726 1649 945 1701; x_wconf 86' lang='lat' dir='ltr'>atrocitas,</span> <span class='ocrx_word' id='word_1_200' title='bbox 988 1648 1313 1701; x_wconf 85' lang='lat' dir='ltr'>denuntiarique</span> <span class='ocrx_word' id='word_1_201' title='bbox 1347 1647 1482 1701; x_wconf 87' lang='lat' dir='ltr'>iussit,</span> <span class='ocrx_word' id='word_1_202' title='bbox 1503 1666 1535 1691; x_wconf 80' lang='lat'>25</span> 
     </span>
     <span class='ocr_line' id='line_1_35' title="bbox 126 1704 1481 1760; baseline -0.001 -11"><span class='ocrx_word' id='word_1_203' title='bbox 126 1704 173 1749; x_wconf 86' lang='lat' dir='ltr'>ut</span> <span class='ocrx_word' id='word_1_204' title='bbox 205 1708 425 1750; x_wconf 77' lang='lat' dir='ltr'>excederet</span> <span class='ocrx_word' id='word_1_205' title='bbox 458 1708 617 1756; x_wconf 83' lang='lat' dir='ltr'>castris,</span> <span class='ocrx_word' id='word_1_206' title='bbox 650 1722 701 1748; x_wconf 92' lang='lat' dir='ltr'>ne</span> <span class='ocrx_word' id='word_1_207' title='bbox 734 1707 931 1748; x_wconf 85' lang='lat' dir='ltr'>licentiae</span> <span class='ocrx_word' id='word_1_208' title='bbox 964 1707 1168 1748; x_wconf 87' lang='lat' dir='ltr'>barbarae</span> <span class='ocrx_word' id='word_1_209' title='bbox 1194 1707 1409 1760; x_wconf 80' lang='lat' dir='ltr'>exemplar</span> <span class='ocrx_word' id='word_1_210' title='bbox 1438 1707 1481 1748; x_wconf 89' lang='lat' dir='ltr'>in</span> 
     </span>
     <span class='ocr_line' id='line_1_36' title="bbox 128 1766 1551 1822; baseline -0.002 -13"><span class='ocrx_word' id='word_1_211' title='bbox 128 1767 382 1809; x_wconf 85' lang='lat' dir='ltr'>Graecorum</span> <span class='ocrx_word' id='word_1_212' title='bbox 416 1782 555 1809; x_wconf 87' lang='lat' dir='ltr'>mores</span> <span class='ocrx_word' id='word_1_213' title='bbox 588 1771 629 1808; x_wconf 88' lang='lat' dir='ltr'>et</span> <span class='ocrx_word' id='word_1_214' title='bbox 661 1767 782 1808; x_wconf 88' lang='lat' dir='ltr'>mitia</span> <span class='ocrx_word' id='word_1_215' title='bbox 815 1767 987 1822; x_wconf 79' lang='lat' dir='ltr'>ingenia</span> <span class='ocrx_word' id='word_1_216' title='bbox 1018 1766 1276 1807; x_wconf 82' lang='lat' dir='ltr'>transferret.</span> <span class='ocrx_word' id='word_1_217' title='bbox 1335 1766 1481 1807; x_wconf 87' lang='lat' dir='ltr'>Dahae</span> <span class='ocrx_word' id='word_1_218' title='bbox 1504 1772 1551 1806; x_wconf 78' lang='lat'>13</span> 
     </span>
     <span class='ocr_line' id='line_1_37' title="bbox 126 1825 1481 1881; baseline -0.002 -13"><span class='ocrx_word' id='word_1_219' title='bbox 126 1827 384 1881; x_wconf 83' lang='lat' dir='ltr'>Spitamenis</span> <span class='ocrx_word' id='word_1_220' title='bbox 436 1827 559 1868; x_wconf 88' lang='lat' dir='ltr'>caede</span> <span class='ocrx_word' id='word_1_221' title='bbox 611 1830 812 1880; x_wconf 88' lang='lat' dir='ltr'>conperta</span> <span class='ocrx_word' id='word_1_222' title='bbox 862 1826 1180 1881; x_wconf 84' lang='lat' dir='ltr'>Dataphernen,</span> <span class='ocrx_word' id='word_1_223' title='bbox 1232 1825 1481 1867; x_wconf 87' lang='lat' dir='ltr'>defectionis</span> 
     </span>
    </p>
   </div>
   <div class='ocr_carea' id='block_1_11' title="bbox 126 1942 1479 2417">
    <p class='ocr_par' dir='ltr' id='par_1_11' title="bbox 126 1942 1479 2417">
     <span class='ocr_line' id='line_1_38' title="bbox 225 1942 1478 1989; baseline -0.002 -11"><span class='ocrx_word' id='word_1_224' title='bbox 225 1950 241 1978; x_wconf 95' lang='lat'>1</span> <span class='ocrx_word' id='word_1_225' title='bbox 270 1945 447 1989; x_wconf 71' lang='lat' dir='ltr'>vinoque]</span> <span class='ocrx_word' id='word_1_226' title='bbox 475 1944 561 1977; x_wconf 90' lang='lat' dir='ltr'>uino</span> <span class='ocrx_word' id='word_1_227' title='bbox 590 1954 736 1987; x_wconf 81' lang='lat' dir='ltr'>quoque</span> <span class='ocrx_word' id='word_1_228' title='bbox 764 1947 796 1976; x_wconf 83' lang='lat' dir='ltr'>C.</span> <span class='ocrx_word' id='word_1_229' title='bbox 943 1948 963 1976; x_wconf 75' lang='lat'><strong>4</strong></span> <span class='ocrx_word' id='word_1_230' title='bbox 992 1944 1194 1987; x_wconf 84' lang='lat' dir='ltr'>caputque]</span> <span class='ocrx_word' id='word_1_231' title='bbox 1222 1942 1416 1986; x_wconf 86' lang='lat' dir='ltr'>capudque</span> <span class='ocrx_word' id='word_1_232' title='bbox 1443 1946 1478 1976; x_wconf 85' lang='lat' dir='ltr'>P.</span> 
     </span>
     <span class='ocr_line' id='line_1_39' title="bbox 127 1990 1478 2038; baseline -0.003 -12"><span class='ocrx_word' id='word_1_233' title='bbox 127 1998 145 2027; x_wconf 83' lang='lat'>5</span> <span class='ocrx_word' id='word_1_234' title='bbox 183 1993 326 2038; x_wconf 82' lang='lat' dir='ltr'>cruore]</span> <span class='ocrx_word' id='word_1_235' title='bbox 363 2004 471 2026; x_wconf 86' lang='lat' dir='ltr'>cuore</span> <span class='ocrx_word' id='word_1_236' title='bbox 504 1995 530 2024; x_wconf 89' lang='lat' dir='ltr'>B</span> <span class='ocrx_word' id='word_1_237' title='bbox 563 2003 607 2025; x_wconf 79' lang='lat' dir='ltr'>m.</span> <span class='ocrx_word' id='word_1_238' title='bbox 631 2003 688 2035; x_wconf 70' lang='lat' dir='ltr'>Jtr.</span> <span class='ocrx_word' id='word_1_239' title='bbox 716 1995 741 2024; x_wconf 90' lang='lat' dir='ltr'>L</span> <span class='ocrx_word' id='word_1_240' title='bbox 768 2003 811 2024; x_wconf 78' lang='lat' dir='ltr'>m.</span> <span class='ocrx_word' id='word_1_241' title='bbox 841 2003 895 2034; x_wconf 72' lang='lat' dir='ltr'>pr.</span> <span class='ocrx_word' id='word_1_242' title='bbox 1044 1995 1062 2023; x_wconf 85' lang='lat'><strong>6</strong></span> <span class='ocrx_word' id='word_1_243' title='bbox 1090 1990 1221 2035; x_wconf 86' lang='lat' dir='ltr'>tradit]</span> <span class='ocrx_word' id='word_1_244' title='bbox 1257 1990 1413 2023; x_wconf 83' lang='lat' dir='ltr'>tradidit</span> <span class='ocrx_word' id='word_1_245' title='bbox 1439 1993 1478 2023; x_wconf 88' lang='lat' dir='ltr'>V.</span> 
     </span>
     <span class='ocr_line' id='line_1_40' title="bbox 128 2038 1479 2085; baseline -0.003 -11"><span class='ocrx_word' id='word_1_246' title='bbox 128 2044 169 2074; x_wconf 88' lang='lat'>10</span> <span class='ocrx_word' id='word_1_247' title='bbox 198 2041 340 2085; x_wconf 83' lang='lat' dir='ltr'>cruore]</span> <span class='ocrx_word' id='word_1_248' title='bbox 363 2050 486 2074; x_wconf 88' lang='lat' dir='ltr'>cruere</span> <span class='ocrx_word' id='word_1_249' title='bbox 508 2043 533 2072; x_wconf 87' lang='lat' dir='ltr'>P</span> <span class='ocrx_word' id='word_1_250' title='bbox 555 2051 585 2073; x_wconf 44' lang='lat' dir='ltr'>&#39;m</span> <span class='ocrx_word' id='word_1_251' title='bbox 616 2051 672 2082; x_wconf 76' lang='lat' dir='ltr'>pr.</span> <span class='ocrx_word' id='word_1_252' title='bbox 750 2043 789 2072; x_wconf 90' lang='lat'>11</span> <span class='ocrx_word' id='word_1_253' title='bbox 817 2038 974 2083; x_wconf 71' lang='lat' dir='ltr'>venisse]</span> <span class='ocrx_word' id='word_1_254' title='bbox 995 2039 1159 2072; x_wconf 80' lang='lat' dir='ltr'>uenisset</span> <span class='ocrx_word' id='word_1_255' title='bbox 1178 2042 1213 2071; x_wconf 89' lang='lat' dir='ltr'>P.</span> <span class='ocrx_word' id='word_1_256' title='bbox 1288 2041 1329 2071; x_wconf 87' lang='grc'>13</span> <span class='ocrx_word' id='word_1_257' title='bbox 1352 2038 1479 2082; x_wconf 88' lang='lat' dir='ltr'>caput]</span> 
     </span>
     <span class='ocr_line' id='line_1_41' title="bbox 127 2085 1477 2132; baseline -0.002 -11"><span class='ocrx_word' id='word_1_258' title='bbox 127 2088 248 2132; x_wconf 87' lang='lat' dir='ltr'>capud</span> <span class='ocrx_word' id='word_1_259' title='bbox 275 2091 310 2122; x_wconf 86' lang='lat' dir='ltr'>P.</span> <span class='ocrx_word' id='word_1_260' title='bbox 387 2087 627 2131; x_wconf 78' lang='lat' dir='ltr'>Spitamenis]</span> <span class='ocrx_word' id='word_1_261' title='bbox 655 2086 865 2130; x_wconf 85' lang='lat' dir='ltr'>spitaminis</span> <span class='ocrx_word' id='word_1_262' title='bbox 892 2090 926 2119; x_wconf 87' lang='lat' dir='ltr'>P.</span> <span class='ocrx_word' id='word_1_263' title='bbox 1004 2086 1212 2130; x_wconf 83' lang='lat' dir='ltr'>suspectus]</span> <span class='ocrx_word' id='word_1_264' title='bbox 1241 2085 1422 2129; x_wconf 83' lang='lat' dir='ltr'>suspectis</span> <span class='ocrx_word' id='word_1_265' title='bbox 1443 2089 1477 2118; x_wconf 89' lang='lat' dir='ltr'>P.</span> 
     </span>
     <span class='ocr_line' id='line_1_42' title="bbox 129 2133 1479 2180; baseline -0.001 -11"><span class='ocrx_word' id='word_1_266' title='bbox 129 2141 169 2169; x_wconf 78' lang='lat'>15</span> <span class='ocrx_word' id='word_1_267' title='bbox 198 2135 316 2180; x_wconf 76' lang='lat' dir='ltr'>nosci]</span> <span class='ocrx_word' id='word_1_268' title='bbox 343 2135 464 2169; x_wconf 84' lang='lat' dir='ltr'>noscit</span> <span class='ocrx_word' id='word_1_269' title='bbox 491 2139 531 2176; x_wconf 79' lang='lat' dir='ltr'>P,</span> <span class='ocrx_word' id='word_1_270' title='bbox 559 2136 682 2167; x_wconf 79' lang='lat' dir='ltr'>nosci*</span> <span class='ocrx_word' id='word_1_271' title='bbox 712 2137 747 2168; x_wconf 89' lang='lat' dir='ltr'>L.</span> <span class='ocrx_word' id='word_1_272' title='bbox 861 2138 902 2167; x_wconf 71' lang='grc'>16</span> <span class='ocrx_word' id='word_1_273' title='bbox 931 2133 1079 2178; x_wconf 82' lang='lat' dir='ltr'>certior]</span> <span class='ocrx_word' id='word_1_274' title='bbox 1107 2133 1246 2166; x_wconf 79' lang='lat' dir='ltr'>cercior</span> <span class='ocrx_word' id='word_1_275' title='bbox 1270 2135 1309 2165; x_wconf 88' lang='lat' dir='ltr'>V.</span> <span class='ocrx_word' id='word_1_276' title='bbox 1421 2144 1479 2167; x_wconf 87' lang='lat' dir='ltr'>ca-</span> 
     </span>
     <span class='ocr_line' id='line_1_43' title="bbox 126 2179 1479 2227; baseline -0.002 -12"><span class='ocrx_word' id='word_1_277' title='bbox 126 2184 208 2227; x_wconf 88' lang='lat' dir='ltr'>put]</span> <span class='ocrx_word' id='word_1_278' title='bbox 243 2183 364 2226; x_wconf 83' lang='lat' dir='ltr'>capud</span> <span class='ocrx_word' id='word_1_279' title='bbox 391 2186 430 2216; x_wconf 87' lang='lat' dir='ltr'>V.</span> <span class='ocrx_word' id='word_1_280' title='bbox 555 2185 596 2215; x_wconf 83' lang='lat'>19</span> <span class='ocrx_word' id='word_1_281' title='bbox 625 2182 787 2225; x_wconf 66' lang='lat' dir='ltr'>diversa}</span> <span class='ocrx_word' id='word_1_282' title='bbox 821 2181 1007 2215; x_wconf 68' lang='lat' dir='ltr'>diuersam</span> <span class='ocrx_word' id='word_1_283' title='bbox 1039 2185 1075 2214; x_wconf 83' lang='lat' dir='ltr'>P.</span> <span class='ocrx_word' id='word_1_284' title='bbox 1199 2184 1239 2214; x_wconf 78' lang='lat'>‘21</span> <span class='ocrx_word' id='word_1_285' title='bbox 1275 2179 1479 2213; x_wconf 75' lang='lat' dir='ltr'>iniecturus</span> 
     </span>
     <span class='ocr_line' id='line_1_44' title="bbox 129 2226 1478 2273; baseline -0.001 -10"><span class='ocrx_word' id='word_1_286' title='bbox 129 2230 287 2265; x_wconf 74' lang='lat' dir='ltr'>Giunla:</span> <span class='ocrx_word' id='word_1_287' title='bbox 331 2230 544 2263; x_wconf 64' lang='lat' dir='ltr'>inuectum&gt;¹</span> <span class='ocrx_word' id='word_1_288' title='bbox 581 2233 617 2262; x_wconf 89' lang='lat' dir='ltr'>A.</span> <span class='ocrx_word' id='word_1_289' title='bbox 767 2233 809 2262; x_wconf 67' lang='lat'>222</span> <span class='ocrx_word' id='word_1_290' title='bbox 838 2228 1092 2273; x_wconf 74' lang='lat' dir='ltr'>aversabatur]</span> <span class='ocrx_word' id='word_1_291' title='bbox 1136 2226 1405 2262; x_wconf 64' lang='lat' dir='ltr'>aduersabatur</span> <span class='ocrx_word' id='word_1_292' title='bbox 1439 2230 1478 2261; x_wconf 89' lang='lat' dir='ltr'>V.</span> 
     </span>
     <span class='ocr_line' id='line_1_45' title="bbox 127 2275 1478 2321; baseline -0.001 -10"><span class='ocrx_word' id='word_1_293' title='bbox 127 2280 169 2311; x_wconf 79' lang='lat'>23</span> <span class='ocrx_word' id='word_1_294' title='bbox 196 2279 336 2312; x_wconf 70' lang='lat' dir='ltr'>virum</span> <span class='ocrx_word' id='word_1_295' title='bbox 365 2278 506 2311; x_wconf 72' lang='lat' dir='ltr'>wsdidi.</span> <span class='ocrx_word' id='word_1_296' title='bbox 625 2281 667 2310; x_wconf 75' lang='lat'>25</span> <span class='ocrx_word' id='word_1_297' title='bbox 695 2277 834 2321; x_wconf 85' lang='lat' dir='ltr'>meriti]</span> <span class='ocrx_word' id='word_1_298' title='bbox 861 2277 1003 2309; x_wconf 81' lang='lat' dir='ltr'>meritis</span> <span class='ocrx_word' id='word_1_299' title='bbox 1031 2279 1066 2308; x_wconf 85' lang='lat' dir='ltr'>F.</span> <span class='ocrx_word' id='word_1_300' title='bbox 1191 2279 1233 2308; x_wconf 78' lang='lat'>‘26</span> <span class='ocrx_word' id='word_1_301' title='bbox 1261 2286 1306 2308; x_wconf 84' lang='lat' dir='ltr'>ne</span> <span class='ocrx_word' id='word_1_302' title='bbox 1332 2275 1478 2318; x_wconf 77' lang='lat' dir='ltr'>scripsi:</span> 
     </span>
     <span class='ocr_line' id='line_1_46' title="bbox 126 2321 1477 2369; baseline -0.002 -11"><span class='ocrx_word' id='word_1_303' title='bbox 126 2337 196 2359; x_wconf 89' lang='lat' dir='ltr'>neu</span> <span class='ocrx_word' id='word_1_304' title='bbox 224 2329 262 2358; x_wconf 85' lang='lat' dir='ltr'>A.</span> <span class='ocrx_word' id='word_1_305' title='bbox 363 2325 551 2369; x_wconf 78' lang='lat' dir='ltr'>licentiae}</span> <span class='ocrx_word' id='word_1_306' title='bbox 579 2324 757 2358; x_wconf 85' lang='lat' dir='ltr'>licenciae</span> <span class='ocrx_word' id='word_1_307' title='bbox 783 2327 817 2357; x_wconf 87' lang='lat' dir='ltr'>L.</span> <span class='ocrx_word' id='word_1_308' title='bbox 925 2328 967 2358; x_wconf 76' lang='lat'>28</span> <span class='ocrx_word' id='word_1_309' title='bbox 996 2323 1222 2369; x_wconf 82' lang='lat' dir='ltr'>Spitamenis</span> <span class='ocrx_word' id='word_1_310' title='bbox 1250 2326 1283 2356; x_wconf 92' lang='lat'>1:</span> <span class='ocrx_word' id='word_1_311' title='bbox 1311 2321 1477 2368; x_wconf 79' lang='lat' dir='ltr'>spitami-</span> 
     </span>
     <span class='ocr_line' id='line_1_47' title="bbox 126 2372 954 2417; baseline -0.001 -10"><span class='ocrx_word' id='word_1_312' title='bbox 126 2373 182 2408; x_wconf 86' lang='lat' dir='ltr'>nis</span> <span class='ocrx_word' id='word_1_313' title='bbox 210 2376 248 2406; x_wconf 81' lang='lat' dir='ltr'>A.</span> <span class='ocrx_word' id='word_1_314' title='bbox 356 2372 632 2417; x_wconf 78' lang='lat' dir='ltr'>Dataphernen]</span> <span class='ocrx_word' id='word_1_315' title='bbox 661 2372 888 2415; x_wconf 75' lang='lat' dir='ltr'>datapernen</span> <span class='ocrx_word' id='word_1_316' title='bbox 916 2375 954 2407; x_wconf 92' lang='lat' dir='ltr'>V.</span> 
     </span>
    </p>
   </div>
  </div>
 </body>
</html>
