1610 2522
33 527 76 556 26

35 1242 78 1271 29

37 1362 79 1391 30

108 108 192 148 276
612 110 651 150 Q.
680 108 823 143 CURTI
851 109 961 143 RUFI

106 218 345 270 perantium
386 217 789 271 criminantiumque
831 232 973 273 regem
1014 218 1159 259 faciles
1192 232 1313 259 aures
1347 233 1461 272 prae—

61 289 72 296 ’
106 277 213 317 berc.
290 277 468 325 Quidam
517 277 724 330 adiciunt,
769 291 864 318 cum
908 276 1163 318 Hermolaus
1209 278 1320 331 apud
1365 292 1459 318 eum

107 351 276 389 (pioque
310 336 577 377 verberatum
612 352 654 377 se
688 353 712 378 a
744 351 841 390 rege
875 340 1139 390 quereretur,
1179 337 1334 378 dixisse
1371 336 1461 377 Cal-

105 395 329 447 listhenen,
362 396 603 437 meminisse
637 396 789 437 debere
823 411 893 437 eos
928 396 1010 437 iam
1044 397 1157 437 viros
1191 411 1297 437 csse:
1337 396 1462 450 idque

105 456 155 495 ad
183 455 483 496 consolandam
512 456 762 510 patientiam
792 455 1014 496 verberum
1042 471 1096 496 an
1123 456 1174 497 ad
1200 455 1458 496 incitandum
1501 472 1517 496 5

106 515 305 555 iuvenum
335 515 525 556 dolorem
554 515 715 557 dictum
744 518 866 568 esset,
894 515 937 556 in
965 515 1165 569 ambiguo
1193 515 1334 556 fuisse.
1372 514 1463 555 Rex

106 574 236 615 animi
270 575 546 628 corporisque
579 589 731 628 sopore
764 574 969 627 discusso,
1003 589 1099 616 cum
1132 575 1239 615 tanti
1274 574 1464 629 periculi,

106 649 189 687 quo
234 637 442 686 evaserat,
488 634 628 689 imago
663 635 798 675 oculis
833 634 1064 687 oberraret,
1110 633 1401 688 Eurylochum
1437 645 1463 674 Ι,

105 693 276 734 talentis
311 697 352 734 et
384 693 603 734 cuiusdam
629 694 831 734 Tiridatis
865 693 1080 748 opulentis
1113 693 1236 734 bonis
1269 695 1464 747 protinus

106 753 236 794 donat
268 754 539 806 fratremque,
573 757 798 806 antequam
827 768 903 807 pro
931 754 1066 794 salute
1095 753 1183 794 eius
1211 755 1464 807 precaretur,
1487 769 1518 793 ιο

106 813 313 866 restituit,
363 812 532 853 sceleris
575 816 715 854 autem
757 816 950 854 auctores
994 813 1188 866 interque
1229 827 1300 853 eos
1342 812 1465 854 Calli-

107 871 285 912 sthenen
319 872 483 913 vinctos
516 873 730 913 adservari
763 872 891 913 iubet.
944 871 1108 921 Quibus
1140 873 1181 913 in
1209 872 1368 927 regiam
1397 872 1465 913 ad-

107 932 244 972 ductis
279 934 370 972 toto
405 931 471 972 die
505 934 546 972 et
578 935 703 973 nocte
736 932 930 985 proxima
963 947 1078 973 mero
1112 946 1158 972 ac
1190 932 1346 987 vigiliis
1374 946 1465 986 gra-

106 992 170 1032 vis
190 991 417 1045 adquievit.
440 991 618 1033 Postero
641 995 782 1032 autem
800 994 999 1045 frequens
1015 991 1243 1033 consilium
1258 991 1466 1043 adhibuit,
1487 992 1536 1027 24

107 1051 173 1092 cui
213 1054 354 1104 patres
394 1051 708 1105 propinquique
748 1066 912 1101 eorum,
959 1051 1008 1091 cle
1051 1051 1206 1105 quibus
1249 1051 1466 1106 agebatur,
1488 1066 1518 1091 15

108 1111 355 1163 intererant,
402 1126 453 1151 ne
499 1111 548 1151 de
595 1126 670 1151 sua
716 1111 885 1165 quidem
933 1112 1069 1152 salute
1111 1111 1263 1151 securi:
1307 1110 1465 1164 quippe

107 1170 389 1211 Macedonum
424 1185 539 1211 more
572 1171 710 1224 perire
745 1170 954 1211 debebant
987 1171 1178 1211 omnium
1212 1170 1374 1211 devotis
1402 1183 1465 1210 ca-

106 1230 282 1284 pitibus,
315 1231 387 1283 qui
422 1230 630 1285 sanguine
664 1231 944 1285 contigissent
976 1245 1082 1271 reos.
1128 1229 1219 1270 Rex
1253 1229 1466 1270 introduci

107 1290 352 1331 coniuratos
387 1293 554 1343 praeter
577 1288 865 1330 Callisthenen
898 1289 1038 1330 iussit:
1072 1293 1213 1342 atque,
1247 1303 1353 1343 quae
1381 1289 1467 1344 agi-

106 1352 312 1401 taverant,
346 1348 435 1389 sine
468 1349 738 1390 cunctatione
773 1350 953 1390 confessi
981 1351 1090 1389 sunt.
1142 1348 1466 1402 Increpantibus
1487 1363 1520 1388 20

107 1408 258 1449 deinde
291 1409 500 1449 universis
534 1423 604 1449 eos
639 1409 729 1463 ipse
763 1424 846 1463 rex,
885 1423 968 1463 quo
1003 1423 1079 1449 suo
1114 1409 1265 1448 merito
1299 1411 1466 1448 tantum

22 1473 87 1507 VII
108 1468 152 1509 in
192 1471 326 1508 semet
365 1468 629 1523 cogitassent
661 1469 840 1521 facinus,
873 1468 1120 1523 interrogat.
1185 1466 1466 1521 Stupentibus

61 1720 79 1748 h'r

108 1528 259 1569 ceteris
292 1527 565 1569 Hermolaus:
601 1527 707 1568 ‘Nos
736 1528 864 1579 vero’,
897 1528 1048 1580 inquit,
1083 1528 1311 1581 ‘quoniam,
1345 1526 1466 1580 quasi

107 1589 291 1641 nescias,
326 1587 512 1640 quaeris,
557 1587 777 1629 Occidendi
809 1590 849 1627 te
884 1587 1109 1628 consilium
1143 1587 1333 1640 iniimus,
1367 1586 1468 1640 quia

108 1661 190 1687 non
225 1651 273 1687 ut
307 1647 503 1700 ingenuis
537 1648 745 1700 imperare
779 1646 974 1700 coepisti,
1017 1647 1089 1687 sed
1123 1646 1241 1700 quasi
1278 1647 1318 1686 in
1353 1660 1465 1686 man·
1487 1660 1520 1685 25

109 1708 219 1760 cipia
252 1706 488 1747 dominari?
547 1706 717 1747 Primus
757 1722 807 1748 ex
846 1706 1046 1747 omnibus
1078 1710 1199 1760 pater
1231 1706 1364 1759 ipsius
1393 1704 1467 1746 So-

108 1766 218 1820 polis
246 1765 499 1820 parricidam
529 1766 655 1807 etiam
684 1766 874 1819 parentis
903 1766 967 1806 sui
997 1766 1219 1806 clamitans
1247 1780 1337 1805 esse
1371 1778 1467 1805 con-

109 1826 246 1881 surgit
268 1830 309 1866 et
330 1825 381 1865 ad
404 1840 451 1866 os
472 1840 600 1866 manu
623 1826 789 1866 obiecta
809 1826 964 1866 scelere
984 1829 1025 1866 et
1047 1825 1169 1866 malis
1186 1824 1466 1865 insanientem

205 1946 223 1975 3
253 1942 522 1987 Callisthenen]
550 1942 803 1976 callcsthenen
830 1946 865 1981 P,
894 1941 1111 1976 callistenen
1139 1945 1177 1974 V.
1291 1945 1310 1974 4
1339 1941 1466 1974 memi-

110 1990 223 2035 nisse}
251 1989 450 2023 neminisse
478 1993 516 2023 V.
617 1995 636 2024 Ξ)
664 1990 944 2034 consolandam!
972 1989 1235 2024 consulendam
1262 1993 1296 2022 P.
1403 1999 1467 2032 pa—

110 2038 299 2082 tientiam}
327 2037 554 2081 pacientiam
575 2041 611 2077 P,
640 2038 869 2081 paci‹=11ciam
892 2041 931 2070 V.
1032 2042 1051 2070 ὅ
1080 2038 1247 2070 evaserat
1273 2040 1297 2069 L
1320 2048 1362 2070 m.
1383 2048 1465 2070 sec:

110 2086 273 2118 cnascrit
288 2082 331 2119 A.
434 2085 683 2128 }‹1111·>·lo‹·h11111
707 2087 859 2129 cuspus:
894 2084 1124 2118 curilochum
1147 2089 1180 2127 C,
1207 2083 1410 2118 eurilocum
1430 2087 1464 2116 P.

111 2139 129 2165 ‘J
158 2132 337 2166 Tiridatis
370 2133 487 2176 Vosld:
515 2132 690 2176 tyridatis
713 2137 750 2166 A.
828 2136 865 2166 11
898 2135 1021 2165 autem
1045 2144 1110 2165 om.
1132 2136 1167 2164 P.
1246 2136 1286 2165 12
1310 2130 1466 2175 vinctos]

112 2180 228 2214 uictos
250 2184 285 2213 P.
359 2184 399 2213 16
428 2180 488 2224 nc!
511 2192 577 2213 nec
599 2184 630 2213 C.
704 2184 744 2213 18
767 2191 846 2213 reos
868 2180 1062 2214 Heinsius:
1092 2190 1152 2213 eos
1174 2182 1211 2212 A.
1290 2182 1331 2212 19
1354 2177 1463 2212 Calli-

111 2227 282 2272 sthenen}
311 2227 541 2261 calisthencn
563 2230 675 2268 BLV,
703 2227 963 2261 caelosthenen
990 2230 1025 2260 P.
1126 2227 1254 2270 atque}
1282 2226 1403 2268 adque
1429 2229 1465 2259 1..

111 2280 154 2308 2²0
182 2275 436 2319 cunctatione}
464 2274 704 2308 cunctacione
731 2278 803 2308 LV.
910 2278 953 2307 24
981 2274 1131 2307 iniimus
1161 2274 1360 2308 Kinclaez'ns:
1397 2273 1465 2306 ini-

113 2335 191 2356 nius
212 2326 248 2364 P,
270 2323 445 2355 iniuimus
462 2327 494 2356 C.
571 2327 613 2355 26
643 2321 825 2356 dominari
855 2322 976 2366 Vct-esd:
1005 2321 1208 2355 dominaris
1229 2324 1267 2355 A.
1345 2324 1386 2354 27
1414 2321 1466 2354 et-

112 2370 201 2415 iam]
230 2370 345 2403 eciam
374 2374 412 2403 V.
514 2374 556 2403 28
584 2370 629 2403 ad
658 2371 713 2415 os}
741 2369 806 2403 dos
834 2373 858 2402 P
881 2382 922 2403 m.
944 2382 997 2413 pr.
