1610 2522
77 480 92 504 5

43 584 91 619 28

64 777 93 801 10

62 1076 93 1100 15

375 111 707 147 HlsTonlAh‘L'M
736 110 1019 145 ALEXANDRI
1046 110 1141 152 VIII,
1169 114 1199 144 8.
1381 109 1463 150 281

113 223 264 265 stabile
309 226 350 263 et
395 224 613 263 aeternum
658 221 786 263 faciet
824 220 1062 274 imperium.
1125 218 1183 260 Et
1227 233 1326 259 sane
1371 218 1467 272 plus

113 283 330 336 habemus,
370 297 496 336 quam
530 281 730 334 capimus.
795 279 1057 320 Insatiabilis
1090 281 1231 319 autem
1264 278 1467 318 avaritiae

114 346 175 383 est
209 342 346 383 adhuc
378 341 539 395 inplere
572 342 691 393 velle,
725 339 839 393 quod
872 339 952 379 iam
982 338 1251 380 circumfluit.
1303 337 1467 378 Morem

112 405 256 442 tamen
282 416 426 442 eorum
455 401 498 441 in
519 399 771 440 Macedonas
799 398 1068 440 transfundo!
1102 397 1151 438 In
1178 397 1327 438 multis
1355 397 1467 437 enim

114 461 314 516 gentibus
343 475 432 501 esse
459 459 593 513 video,
623 473 730 512 quae
757 473 843 499 non
864 458 1161 498 erubescamus
1189 457 1366 498 imitari:
1392 471 1468 497 nec

113 521 238 561 aliter
263 523 430 561 tantum
458 519 683 572 imperium
712 521 808 572 apte
834 518 923 573 regi
946 520 1100 571 potest,
1128 531 1253 571 quam
1277 519 1322 557 ut
1345 530 1468 570 quae-

115 580 209 621 dam
255 583 295 621 et
340 579 558 620 tradamus
604 578 689 619 illis
729 580 770 618 et
808 578 859 618 ab
900 577 1033 618 isdem
1071 577 1294 617 discamus.
1356 575 1469 617 Illud

113 654 244 694 paene
278 639 455 694 dignum
487 637 576 678 risu
609 638 704 691 fuit,
738 637 848 690 quod
878 636 1135 677 Hermolaus
1168 635 1414 689 postulabat
1446 651 1468 676 a

114 714 191 744 me,
226 702 271 739 ut
304 712 520 739 aversarer
551 696 708 750 lovem,
742 697 860 737 cuius
895 696 1065 737 oraculo
1100 696 1347 750 adgnoscor.
1401 694 1469 735 An

116 759 254 809 etiam,
289 758 391 812 quid
424 757 466 798 di
498 757 794 810 respondeant,
829 756 871 796 in
904 771 997 796 mea-
1022 758 1235 810 potestate
1261 754 1353 795 est?
1388 755 1468 794 Ob-

115 818 213 859 tulit
253 832 404 858 nomen
439 816 517 857 filii
551 816 674 857 mihi:
707 816 892 869 recipere
927 815 1030 869 ipsis
1063 815 1207 868 rebus,
1247 829 1350 868 quas
1383 815 1470 869 agi-

114 893 224 931 mus,
269 877 383 918 haud
421 876 607 917 alienum
648 875 741 916 fuit.
804 874 978 916 Utinam
1013 873 1107 915 Indi
1142 888 1311 928 quoque
1345 874 1467 914 deum

114 951 204 978 esse
236 951 302 978 me
335 936 524 977 credant!
575 935 705 976 Fama
738 935 850 975 enim
885 935 995 975 bella
1030 936 1239 987 constant,
1272 936 1313 974 et
1346 948 1469 987 saepe

114 996 260 1046 etiam,
306 995 420 1050 quod
463 995 572 1036 falso
613 994 818 1035 creditum
854 997 934 1047 est,
979 993 1065 1034 veri
1100 994 1235 1034 vicem
1269 993 1468 1034 obtinuit.

114 1055 183 1096 An
216 1070 280 1096 me
313 1055 507 1096 luxuriae
541 1054 832 1108 indulgentem
864 1053 1026 1107 putatis
1055 1068 1171 1093 arma
1198 1055 1339 1093 vestra
1365 1067 1468 1094 auro

115 1118 376 1170 argentoque
409 1114 666 1155 adornasse?
703 1113 906 1154 Adsuetis
933 1111 1042 1153 nihil
1068 1112 1196 1153 vilius
1223 1112 1302 1152 hac
1328 1111 1469 1153 videre

115 1174 293 1215 materia
325 1174 441 1215 volui
475 1173 709 1226 ostendere,
742 1173 996 1214 Macedonas
1030 1172 1212 1213 invictos
1241 1173 1391 1212 ceteris
1419 1187 1469 1211 ne

114 1248 216 1275 auro
257 1234 427 1288 quidem
470 1233 594 1274 vinci.
657 1231 813 1274 Oculos
848 1246 948 1287 ergo
982 1232 1169 1286 primum
1203 1246 1348 1272 eorum
1383 1246 1470 1272 sor-

115 1293 211 1334 dida
256 1294 398 1333 omnia
443 1296 484 1333 et
522 1292 703 1333 humilia
741 1292 1075 1345 despectantium
1115 1291 1278 1344 capiam
1319 1293 1359 1330 et
1400 1291 1468 1331 do-

61 1374 75 1387 ·›
116 1353 217 1394 cebo
251 1367 328 1393 nos
362 1367 445 1393 11011
479 1353 571 1393 auri
599 1355 672 1392 aut
699 1351 864 1407 argenti
893 1351 1082 1405 cupidos,
1115 1351 1186 1391 sed
1214 1350 1359 1391 orbem
1389 1353 1468 1391 ter-

116 1427 254 1452 rarum
291 1412 542 1452 subacturos
576 1411 729 1452 venire.
782 1410 918 1459 Quam
946 1410 1124 1465 gloriam
1155 1412 1214 1463 tu,
1246 1409 1469 1463 parricida,

116 1472 366 1525 intercipere
398 1470 575 1512 voluisti
608 1474 650 1511 et
682 1470 936 1511 Macedonas
970 1484 1068 1525 rege
1101 1469 1299 1523 adempto
1334 1469 1468 1510 devic—

115 1531 170 1570 tis
215 1530 414 1585 gentibus
459 1530 619 1572 dedere.
683 1530 741 1570 At
784 1544 896 1570 nunc
929 1543 1074 1570 mones
1108 1543 1192 1582 me,
1237 1531 1285 1569 ut
1316 1528 1469 1569 vestris

115 1589 361 1644 parentibus
399 1592 590 1644 parcam!
642 1589 741 1630 Non
781 1588 1005 1643 oportebat
1039 1588 1209 1643 quidem
1241 1603 1318 1629 vos
1351 1588 1469 1641 scire,

62 1669 91 1693 -γ
116 1649 217 1703 quid
251 1649 300 1689 de
332 1648 398 1690 his
433 1651 688 1703 statuissem,
723 1663 805 1703 quo
838 1648 1049 1689 tristiores
1082 1647 1291 1702 periretis,
1325 1647 1360 1688 si
1388 1662 1470 1701 qua

116 1708 237 1749 vobis
270 1712 492 1762 parentum
531 1708 736 1749 memoria
778 1711 818 1749 et
851 1722 951 1749 cura
983 1710 1064 1748 est:
1098 1707 1170 1747 sed
1203 1707 1306 1748 olim
1338 1706 1468 1747 istum

116 1782 277 1809 morem
306 1767 522 1808 occidendi
550 1783 644 1809 cum
672 1767 861 1808 scelestis
889 1767 1079 1808 insontes
1106 1766 1371 1820 propinquos
1398 1781 1469 1820 pa-

213 1901 231 1930 2
260 1897 426 1941 capimus
453 1897 663 1931 Acir-lolius:
699 1896 868 1939 cupimus
896 1899 972 1930 AR.
1095 1894 1338 1940 insatiabilis]
1372 1895 1469 1928 insa-

117 1944 264 1978 ciabilis
279 1948 303 1977 L
324 1957 368 1978 m.
386 1957 442 1988 pr.
458 1947 493 1978 P,
564 1943 760 1989 avaritiae]
782 1943 944 1977 auaritia
961 1946 1040 1984 PR,
1062 1943 1228 1976 auaricia
1242 1946 1281 1976 V.
1357 1946 1376 1975 3
1398 1944 1468 1987 est]

115 1993 240 2026 uestra
265 1996 305 2026 R.
381 1992 519 2025 Morem
545 1993 690 2036 scripsi:
717 2002 846 2024 uerum
868 1994 941 2024 AR.
1018 1995 1039 2024 4
1065 1990 1286 2024 transfundo
1311 1990 1468 2024 Gimzta:

117 2039 340 2073 transeundo
356 2042 431 2072 AB.
508 2042 527 2072 8
548 2039 681 2084 paene]
696 2049 813 2082 poene
836 2042 904 2072 CR.
974 2037 1210 2083 Hermolaus]
1232 2037 1415 2071 ermolaus
1429 2041 1469 2071 R.

118 2091 160 2120 10
188 2087 316 2132 etiam]
344 2087 460 2120 eciam
486 2090 525 2120 V.
633 2087 836 2131 potestate]
863 2087 1088 2129 potestatem
1114 2089 1153 2118 R.
1263 2084 1411 2118 Obtulit
1436 2089 1468 2119 I:

118 2134 255 2177 optulit
280 2138 354 2167 AR.
446 2138 487 2167 1²2
515 2133 633 2179 haud]
660 2133 748 2167 haut
776 2137 810 2167 L.
898 2133 996 2178 Indi]
1024 2133 1119 2166 indii
1144 2136 1183 2166 R.
1273 2136 1315 2166 13
1343 2133 1468 2177 saepe]

118 2192 182 2225 sep
209 2185 233 2214 P
256 2194 297 2215 m.
315 2193 372 2225 pr.
463 2186 504 2214 14
532 2181 660 2226 etiam]
689 2181 806 2214 eciam
826 2184 864 2214 V.
956 2180 1119 2213 obtinuit
1146 2185 1177 2213 1:
1206 2180 1370 2223 optinuit
1392 2183 1468 2213 AR.

120 2233 161 2262 15
178 2229 248 2273 An]
264 2240 285 2262 a
299 2232 324 2261 B
342 2242 383 2263 m.
403 2241 458 2272 pr.
534 2228 718 2273 luxuriae]
734 2228 899 2262 luxoriae
913 2232 951 2261 R.
1030 2232 1071 2260 16
1086 2227 1213 2272 vilius]
1229 2227 1342 2260 inlius
1357 2231 1397 2260 R.

118 2275 257 2320 videre]
277 2276 397 2309 uideri
419 2280 450 2309 C.
528 2279 568 2309 17
596 2287 641 2309 119
662 2280 695 2309 1:
722 2287 787 2309 nec
810 2278 885 2309 AR.
964 2279 1004 2308 19
1027 2275 1332 2319 despectantium
1358 2276 1469 2309 Bent-

117 2324 224 2357 leius:
258 2323 507 2367 spectantium
533 2327 609 2356 AB..
731 2327 773 2357 20
801 2323 882 2367 aut]
908 2322 1009 2356 haud
1036 2326 1107 2355 PR.
1226 2326 1269 2355 22
1298 2321 1469 2366 devictis]

119 2370 269 2403 diuictis
290 2373 328 2403 R.
406 2375 448 2403 25
476 2370 564 2413 quid
594 2371 638 2404 de
658 2374 702 2403 R:
731 2369 842 2414 quide
864 2373 902 2402 A.
979 2369 1206 2414 statuissem]
1234 2369 1408 2402 statuisse
1428 2371 1468 2401 R.

1496 348 1537 379 13

1498 587 1539 617 14

1497 706 1539 736 15

1499 1066 1540 1094 1ss
