1610 2522
528 535 590 601 Q.
627 534 883 589 OURTI
917 536 1119 589 RUFI

641 666 1012 707 HISTORIARUM

255 797 934 860 ALEXANDRI
999 797 1373 862 MAGNI

644 938 992 981 MACEDONIS

681 1079 824 1113 LIBER
850 1080 963 1114 VIIII.

102 1193 118 1227 I
226 1188 469 1230 Alexander
500 1193 588 1230 tam
618 1188 887 1230 memorabili
913 1190 1093 1231 victoria
1120 1189 1266 1243 laetus,
1300 1204 1384 1244 qua
1409 1189 1492 1231 sibi
1517 1194 1533 1227 1

139 1247 325 1290 Orientis
355 1249 452 1289 finis
478 1252 646 1303 apertos
674 1263 763 1289 esse
790 1249 999 1302 censebat,
1033 1247 1123 1290 Soli
1150 1249 1334 1290 victimis
1363 1250 1495 1291 caesis

139 1308 297 1349 milites
325 1322 505 1361 quoque,
539 1322 622 1361 quo
651 1308 984 1362 promptioribus
1018 1308 1169 1350 animis
1203 1310 1369 1362 reliqua
1395 1309 1496 1350 belli

140 1367 325 1421 obirent,
364 1382 440 1421 pro
475 1368 672 1408 contione
707 1367 899 1408 laudatos
933 1367 1095 1421 docuit,
1139 1368 1346 1422 quidquid
1380 1367 1496 1409 Indis

94 1438 112 1468 2
140 1428 294 1468 virium
326 1427 490 1480 fuisset,
523 1427 597 1468 illa
629 1427 901 1467 dimicatione
931 1430 1209 1481 prostratum:
1243 1431 1383 1469 cetera.
1409 1428 1496 1481 opi·
1537 1443 1551 1470 5

139 1501 252 1527 mam
292 1486 492 1540 praedam
530 1487 622 1527 fore
659 1486 977 1540 celebratasque
1017 1501 1117 1540 opes
1157 1487 1199 1527 in
1239 1502 1286 1528 ea
1323 1488 1496 1542 regione

140 1547 337 1596 eminere,
370 1560 498 1599 quam
531 1549 734 1599 peterent.
786 1544 969 1587 Proinde
999 1547 1082 1587 iam
1114 1546 1211 1587 vilia
1238 1549 1280 1587 et
1307 1546 1499 1588 obsoleta.

140 1619 230 1646 esse
269 1605 406 1659 spolia
444 1605 494 1647 de
530 1604 683 1646 Persis:
724 1606 904 1660 gemmis
946 1605 1274 1660 margaritisque
1315 1608 1356 1646 et
1395 1619 1497 1646 auro

140 1667 268 1718 atque
302 1665 428 1706 ebore
461 1664 754 1706 Macedoniam
788 1662 1109 1718 Graeciamque,
1154 1679 1240 1706 non
1278 1679 1374 1706 suas
1409 1668 1497 1705 tan-

97 1734 116 1765 3
142 1726 234 1764 tum
280 1724 428 1765 domos
473 1725 720 1778 repleturos.
785 1723 912 1765 Avidi
952 1725 1110 1765 milites
1150 1727 1191 1764 et
1223 1725 1427 1779 pecuniae
1459 1727 1500 1765 et
1520 1741 1554 1767 ιο

142 1784 322 1838 gloriae,
367 1784 496 1824 simul
534 1783 632 1837 quia
674 1798 907 1836 numquam
941 1798 1012 1824 eos
1045 1784 1286 1825 adfirmatio
1320 1783 1410 1824 eius
1442 1782 1499 1825 fe-

142 1842 321 1895 fellerat,
353 1843 611 1896 pollicentur
644 1857 833 1896 operam:
869 1843 1139 1896 dimissisque
1167 1858 1263 1884 cum
1290 1843 1401 1884 bona
1427 1856 1500 1896 spe

142 1902 313 1956 navigia
346 1902 611 1942 exaedificari
651 1902 785 1954 iubet,
828 1905 891 1954 ut,
933 1916 1030 1942 cum
1063 1905 1198 1943 totam
1230 1901 1377 1943 Asiam
1410 1917 1499 1956 per-

97 1973 118 2002 4
146 1961 419 2012 cucurrisset,
464 1961 591 2002 finem
637 1964 861 2004 terrarum,
907 1975 1039 2013 mare,
1081 1962 1291 2003 inviseret.
1364 1960 1501 2002 Multa

239 2129 259 2158 4
287 2125 475 2170 contione]
510 2125 684 2159 concione
717 2129 742 2158 L
770 2137 813 2159 m.
833 2137 886 2169 pr.
1013 2130 1032 2158 5
1061 2125 1304 2170 prostratum]
1338 2127 1499 2169 prostra-

145 2173 245 2206 trum
271 2176 307 2213 P,
336 2175 584 2216 prosstratum
610 2176 645 2206 L.
755 2176 773 2206 6
802 2172 1081 2216 celebrata<que
1110 2173 1250 2207 Laeter:
1280 2171 1499 2207 celebrates-

147 2231 218 2263 que
244 2224 279 2262 P,
308 2219 613 2263 celebrantesque
641 2224 672 2253 C.
785 2223 804 2254 8
831 2220 1005 2265 gemmis]
1033 2220 1149 2263 gemis
1176 2224 1211 2253 L.
1324 2227 1343 2253 ⁴.)
1371 2220 1499 2265 atque]

146 2267 267 2311 adque
294 2271 329 2300 L.
442 2271 482 2300 10
510 2267 716 2311 repleturos
744 2270 775 2300 1:
803 2267 1030 2311 repleturum
1057 2271 1095 2301 A.
1207 2272 1246 2301 11
1275 2267 1434 2312 gloriae]
1461 2268 1499 2302 in

145 2318 170 2347 P
199 2316 234 2348 in
265 2326 334 2348 ras.
359 2326 400 2348 m.
421 2326 486 2349 sec.
571 2314 789 2359 numquam]
817 2326 889 2348 non
916 2327 1027 2358 quam
1054 2319 1089 2348 L.
1176 2319 1217 2349 12
1245 2314 1499 2360 dimissisque]

146 2362 363 2405 dimisisque
391 2365 459 2396 FL.
563 2366 604 2395 13
632 2362 919 2406 percucurrisset
948 2366 985 2396 C:
1013 2363 1255 2406 percurrisset
1280 2366 1315 2396 P.
