1610 2522
64 212 108 241 24

65 507 107 537 25

63 804 107 834 26

65 1458 108 1488 28

64 1754 108 1784 29

136 90 220 131 343
642 89 683 130 Q.
711 89 853 123 CURTI
880 88 991 123 RUFI

135 199 279 252 modo,
322 199 393 240 sed
433 199 559 240 etiam
599 198 812 252 opulenta.
882 196 1039 253 Igitur,
1080 201 1127 238 ut
1165 211 1294 251 supra
1332 197 1491 238 dictum

136 262 212 311 est,
244 258 480 299 aemulatus
511 257 650 298 Patris
677 257 819 298 Liberi
852 271 936 298 non
971 257 1148 312 gloriam
1182 257 1333 310 solum,
1366 271 1491 310 quam

135 332 184 358 ex
219 318 305 359 illis
339 317 538 371 gentibus
566 317 874 370 deportaverat,
907 317 979 358 sed
1006 317 1132 357 etiam
1160 331 1373 371 pompam,
1406 316 1493 357 sive

136 377 241 418 illud
274 377 519 430 triumphus
552 377 633 417 fuit
665 376 717 417 ab
745 391 793 417 eo
821 376 1005 430 primum
1035 376 1256 416 institutus
1285 375 1372 416 sive
1399 375 1493 416 bac-

136 436 353 476 chantium
388 436 521 485 lusus,
555 437 706 476 statuit
739 435 897 476 imitari
931 436 1073 476 animo
1108 449 1234 489 super
1260 433 1493 476 humanum

136 496 356 549 fastigium
402 496 524 537 elato.
589 495 737 549 Vicos,
783 510 857 548 per
896 510 1002 548 quos
1044 495 1122 535 iter
1165 497 1270 547 erat,
1314 493 1493 535 floribus

136 555 388 608 coronisque
416 555 547 596 sterni
576 554 706 607 iubet,
732 554 952 595 liminibus
980 554 1147 594 aedium
1169 558 1372 595 creterras
1394 553 1493 594 vino

136 614 317 668 repletas
350 617 391 655 et
423 614 507 654 alia
539 614 719 655 eximiae
752 613 1061 668 magnitudinis
1089 627 1187 653 vasa
1214 612 1395 667 disponi,
1429 627 1493 653 ve-

137 674 279 715 hicula
312 673 461 714 deinde
495 676 726 726 constrata,
773 676 820 713 ut
851 674 994 727 plures
1028 687 1177 727 capere
1210 671 1367 713 milites
1401 686 1494 725 pos-

136 737 247 784 sent,
294 733 335 773 in
369 733 741 774 tabernaculorum
775 733 949 774 modum
985 732 1143 785 ornari,
1188 732 1271 772 alia
1304 731 1493 772 candidis

136 792 254 845 velis,
288 792 371 833 alia
403 796 519 833 veste
551 793 750 846 pretiosa.
802 791 935 832 Primi
969 792 1089 833 ibant
1121 791 1246 832 amici
1274 793 1315 831 et
1342 791 1494 832 cohors

136 853 252 906 regia
297 852 426 892 variis
471 851 667 893 redimita
708 851 886 892 fioribus
920 852 1190 904 coronisque:
1224 851 1325 891 alibi
1358 850 1495 891 tibici-

135 927 237 952 num
271 914 437 965 cantus,
482 911 582 952 alibi
623 912 738 965 lyrae
771 925 900 952 sonus
933 911 1200 951 audiebatur:
1247 911 1347 951 item
1382 909 1494 950 vehi-

136 971 241 1012 culis
268 986 346 1025 pro
376 970 499 1025 copia
526 971 729 1024 cuiusque
757 970 972 1010 adornatis
1000 969 1352 1011 comissabundus
1380 983 1494 1009 exer-

136 1031 244 1071 citus
278 1031 418 1084 armis,
452 1045 559 1083 quae
591 1030 775 1070 maxime
809 1029 961 1071 decora
987 1032 1118 1083 erant,
1151 1028 1494 1082 circumpenden-

135 1090 264 1131 tibus.
345 1089 494 1143 lpsum
540 1089 825 1143 convivasque
871 1103 1018 1130 currus
1069 1087 1250 1130 vehebat
1301 1088 1494 1128 creterris

135 1150 273 1190 aureis
316 1149 590 1203 eiusdemque
631 1148 834 1189 materiae
879 1147 1123 1204 ingentibus
1169 1147 1336 1202 poculis
1378 1161 1495 1200 prae-

136 1208 288 1264 gravis.
353 1208 449 1249 Hoc
479 1208 606 1250 modo
640 1223 714 1261 per
746 1208 834 1249 dies
867 1219 931 1248 v11
964 1207 1313 1248 bacchabundum
1342 1221 1493 1262 agmen

137 1269 320 1320 incessit,
362 1271 511 1322 parata
542 1268 709 1322 praeda,
749 1268 783 1308 si
817 1267 919 1321 qnid
953 1267 1075 1308 victis
1109 1267 1257 1307 saltem
1293 1266 1494 1306 adversus

136 1328 413 1370 comissantes
447 1327 575 1368 animi
608 1328 776 1368 fuisset:
810 1327 938 1380 mille,
971 1326 1153 1379 hercule,
1186 1326 1265 1366 viri
1299 1324 1425 1366 modo
1453 1328 1495 1365 et

137 1387 268 1427 sobrii
300 1399 364 1427 vn
399 1387 563 1428 dierum
598 1387 771 1441 crapula
803 1401 953 1441 graves
990 1386 1030 1426 in
1066 1400 1142 1426 suo
1175 1384 1396 1438 triumpho
1431 1398 1494 1425 ca-

136 1462 235 1500 pere
268 1450 513 1501 potuerunt.
579 1445 660 1487 Sed
692 1446 876 1498 fortuna,
917 1460 1024 1499 quae
1056 1445 1182 1485 rebus
1215 1444 1371 1484 famam
1405 1458 1494 1498 pre-

136 1507 329 1559 tiumque
362 1506 598 1559 constituit,
638 1505 720 1546 hoc
754 1520 924 1559 quoque
957 1505 1136 1545 militiae
1168 1503 1373 1558 probrum
1405 1517 1493 1544 ver—

136 1566 189 1606 tit
222 1567 266 1606 in
298 1566 490 1620 gloriam.
544 1565 601 1605 Et
634 1579 832 1619 praesens
866 1567 980 1605 aetas
1014 1567 1055 1604 et
1088 1565 1316 1617 posteritas
1344 1562 1493 1603 deinde

135 1626 289 1666 mirata
321 1627 384 1665 est
417 1639 493 1679 per
525 1629 674 1679 gentes
706 1624 896 1666 nondum
931 1623 1032 1664 satis
1060 1623 1242 1664 domitas
1270 1621 1494 1663 incessisse

135 1685 393 1725 temulentos
425 1684 629 1735 barbaris,
662 1683 774 1737 quod
802 1683 1020 1724 temeritas
1047 1685 1147 1735 erat,
1178 1682 1375 1723 fiduciam
1404 1695 1494 1722 esse

136 1744 416 1784 credentibus.
499 1742 627 1784 Hunc
676 1746 927 1797 apparatum
982 1742 1169 1783 carnifex
1220 1741 1494 1795 sequebatur:

232 1875 251 1905 3
279 1883 453 1915 pompam
483 1872 633 1906 Meiscr:
662 1871 798 1904 famam
825 1874 863 1905 A.
959 1876 979 1904 4
1007 1869 1054 1903 ab
1081 1871 1139 1915 eo]
1166 1869 1286 1903 habeo
1312 1872 1351 1902 V.
1439 1867 1494 1901 in-

137 1919 307 1965 stitutus]
336 1919 487 1952 institas
515 1923 549 1952 P.
603 1924 622 1952 4
650 1918 930 1964 bacchantium]
958 1918 1201 1952 bachantium
1227 1920 1267 1950 V.
1318 1920 1337 1949 5
1369 1915 1494 1961 super]

137 1978 281 2011 semper
306 1971 343 2009 P,
371 1977 477 2011 seper
502 1970 541 1999 V.
627 1970 646 2000 6
674 1966 782 2011 quos]
810 1977 870 2000 cos
897 1969 931 1999 P.
1014 1970 1030 1998 7
1060 1964 1255 2010 creterras]
1283 1966 1446 1997 crateras
1466 1966 1492 1995 Β

137 2027 180 2049 ηι.
200 2027 256 2058 pr.
381 2017 400 2047 8
429 2014 602 2059 eximiae]
631 2014 772 2047 eximae
799 2017 834 2047 P.
959 2016 978 2046 9
1006 2012 1148 2058 plures]
1179 2011 1300 2056 plores
1327 2014 1352 2044 P
1372 2022 1416 2044 m.
1434 2022 1494 2054 pr.

138 2067 180 2096 10
207 2062 375 2107 modum]
396 2062 505 2095 modo
520 2065 545 2094 P
566 2073 609 2095 m.
625 2073 684 2105 pr.
762 2065 802 2095 11
826 2061 1004 2105 pretiosa]
1023 2060 1213 2103 praeciosa
1227 2062 1267 2092 V.
1346 2061 1385 2091 12
1407 2057 1494 2091 tibi-

137 2110 261 2143 cinum
279 2109 566 2144 I*'rez'›1slwmius:
588 2108 795 2142 tubicinum
810 2111 848 2141 A.
927 2111 968 2142 13
990 2107 1081 2141 alibi
1096 2110 1121 2139 B
1142 2118 1279 2141 nasce:
1302 2105 1366 2139 alii
1382 2108 1421 2139 A.

137 2157 254 2202 lyrae]
271 2156 364 2191 lirae
379 2160 453 2190 FV.
531 2161 571 2190 14
595 2155 903 2190 comissabundus
918 2155 1127 2199 Zumptius:
1151 2153 1438 2188 comisabundus
1453 2155 1492 2186 Δ.

139 2209 180 2238 15
210 2203 617 2249 circumpendentibus]
644 2202 1000 2247 circumpetentibus
1027 2206 1063 2235 F.
1193 2205 1233 2235 17
1261 2200 1492 2246 ingentibus]

138 2252 300 2297 ingentis
326 2256 352 2285 P
375 2264 416 2285 m.
435 2264 492 2295 pr.
603 2256 644 2285 19
672 2252 800 2295 parata
830 2251 1053 2285 Paltm‘rius:
1080 2252 1189 2293 parta
1216 2252 1255 2282 A.
1364 2251 1408 2281 20
1435 2257 1492 2281 co-

136 2300 332 2333 missantes
355 2300 565 2343 Zumptius:
593 2298 815 2332 comisantes
836 2301 874 2331 A.
951 2301 994 2331 22
1015 2295 1267 2341 pretiumque]
1287 2294 1494 2339 praecium-

137 2359 206 2390 que
222 2351 257 2381 P.
334 2350 377 2379 23
398 2347 590 2392 probrum]
606 2345 761 2390 probum
773 2349 809 2379 P.
885 2348 929 2379 26
951 2343 1191 2388 temulentos}
1212 2342 1444 2377 temulendos
1455 2345 1490 2374 F.

1516 748 1548 772 10

1516 1044 1547 1069 15

1514 1340 1548 1365 20

1514 1637 1548 1662 25
