1610 2522
86 292 103 321 7

84 648 103 676 9

62 886 104 915 10

62 1122 100 1151 11

61 1416 102 1446 12

64 1654 104 1685 13

63 1834 104 1864 14

136 111 219 153 166
638 111 677 152 Q,
707 110 849 145 ‹·URT[
877 110 990 145 RUFI

131 219 479 261 Lacedaemoniis
507 234 676 273 quoque
704 229 745 260 et
767 218 1076 273 Sinopensibus
1104 219 1287 271 daretur,
1320 233 1489 272 respon-

132 279 231 321 dent
266 294 321 332 se,
355 279 456 333 quid
488 279 698 334 agendum
733 278 836 333 ipsis
869 279 992 331 foret,
1032 278 1350 319 deliberaturos.
1414 277 1490 319 Le-

131 339 218 394 gati
266 342 383 379 erant
424 338 854 380 Lacedaemoniorum
902 338 1021 379 missi
1066 338 1118 379 ad
1155 337 1359 379 Dareum:
1405 352 1488 392 quo

131 399 244 439 victo
279 397 575 451 adplicuerant:
608 413 651 439 se
674 397 844 438 Graecis
877 401 1067 438 mercede
1100 398 1212 452 apud
1234 396 1382 438 Persas
1414 397 1488 437 mi-

131 457 369 499 litantibus.
439 457 529 498 Rex
575 457 744 499 omissis
790 457 1067 510 sponsionum
1113 457 1296 510 fideique
1341 457 1489 511 pigno·
1527 474 1541 498 ε

130 517 247 557 ribus
282 517 423 557 venire
456 531 527 558 eos
561 517 702 570 iussit,
745 516 977 569 fortunam,
1010 530 1137 570 quam
1170 517 1260 570 ipse
1294 515 1490 568 dedisset,

129 575 365 617 habituros.
429 575 514 616 Diu
553 579 801 618 cunctantes
835 575 1048 629 plerisque
1081 575 1259 616 consilia
1293 575 1489 616 varianti-

130 634 209 675 bus
250 635 420 677 tandem
466 638 667 677 venturos
707 650 750 676 se
788 635 1056 689 pollicentur.
1125 635 1183 675 At
1216 634 1489 676 Democrates

131 694 425 748 Atheniensis,
470 695 543 749 qui
590 696 772 736 maxime
804 694 1085 735 Macedonum
1130 695 1282 748 opibus
1324 708 1490 748 semper

131 754 370 808 obstiterat,
403 754 623 808 desperata
657 755 777 797 venia
810 754 952 808 gladio
986 768 1030 794 se
1056 754 1282 809 transfigit.
1339 752 1490 808 Ceteri,
1511 771 1544 795 ιο

131 813 240 854 sicut
274 814 595 865 constituerant,
635 814 791 856 dicioni
824 813 1056 854 Alexandri
1089 813 1206 867 ipsos
1240 828 1283 854 se
1315 813 1489 868 permit-

130 875 239 914 tunt.
303 885 337 913 M
370 876 411 914 et
444 885 475 914 D
503 873 660 915 milites
694 876 825 927 erant,
859 876 1023 926 praeter
1054 873 1131 913 hos
1168 873 1295 928 legati
1329 872 1380 913 ad
1410 871 1488 913 Da-

130 947 245 973 reum
288 933 409 974 missi
449 944 520 973 XC.
589 932 637 973 In
678 933 1021 988 supplementum
1061 932 1316 974 distributus
1355 931 1490 985 miles,

131 993 261 1033 ceteri
286 992 453 1034 remissi
475 992 647 1033 domum
670 996 837 1046 praeter
856 992 1224 1045 Lacedaemonios,
1252 1006 1358 1045 quos
1378 991 1487 1033 tradi

130 1051 175 1092 in
207 1051 445 1093 custodiam
478 1052 612 1093 iussit.
1511 1067 1542 1092 15

220 1110 468 1152 Mardorum
501 1114 590 1152 erat
618 1126 720 1166 gens
749 1110 927 1153 confinis
949 1110 1201 1164 Hyrcaniae,
1233 1111 1350 1151 cultu
1377 1110 1489 1151 vitae
1513 1114 1560 1148 1ss

131 1184 280 1224 aspera
325 1174 366 1211 et
405 1171 642 1212 latrociniis
688 1171 879 1212 adsueta:
925 1170 1027 1211 haec
1070 1171 1158 1211 sola
1203 1183 1281 1211 nec
1323 1169 1488 1224 legatos

131 1230 304 1271 miserat
349 1245 423 1271 nec
465 1230 690 1272 videbatur
733 1231 941 1284 imperata
984 1230 1160 1271 factura.
1232 1228 1381 1283 Itaque
1414 1243 1488 1270 rex

132 1289 390 1345 indignatuS,
412 1291 445 1330 si
474 1305 556 1331 una
583 1305 686 1345 gens
713 1292 858 1344 posset
884 1289 1062 1341 efficere,
1086 1304 1140 1330 ne
1160 1289 1344 1330 invictus
1367 1290 1489 1343 esset,

132 1348 432 1403 inpedimentis
466 1363 562 1390 cum
597 1349 807 1403 praesidio
841 1349 1000 1390 relictis
1033 1348 1172 1389 valida
1205 1363 1334 1389 manu
1362 1348 1489 1388 comi·
1509 1366 1543 1390 20

129 1410 247 1449 tante
272 1408 476 1462 procedit.
527 1408 672 1450 Noctu
698 1409 779 1450 iter
804 1410 974 1462 fecerat,
1007 1410 1048 1450 et
1074 1408 1212 1461 prima
1238 1407 1331 1449 luce
1353 1407 1488 1448 hostis

130 1467 173 1508 in
204 1471 435 1521 conspectu
463 1471 569 1509 erat:
602 1468 813 1509 tumultus
841 1468 976 1523 magis
1004 1482 1131 1521 quam
1159 1467 1366 1521 proelium
1395 1466 1488 1508 fuit.

134 1526 358 1568 Deturbati
392 1542 443 1568 ex
476 1527 668 1577 collibus,
703 1542 809 1582 quos
838 1529 1161 1581 occupaverant,
1193 1526 1362 1567 barbari
1393 1540 1489 1580 pro-

131 1586 346 1639 fugerunt,
379 1588 649 1641 proximique
682 1587 763 1628 vici
798 1588 848 1628 ab
884 1586 1033 1628 incolis
1066 1586 1220 1627 deserti
1253 1586 1488 1640 capiuntur.

131 1643 340 1687 Interiora
386 1646 572 1701 regionis
611 1646 700 1687 eius
745 1646 859 1687 haud
904 1661 1004 1686 sane
1048 1645 1154 1686 adiri
1201 1646 1289 1686 sine
1334 1659 1489 1700 magna
1510 1662 1542 1687 25

131 1705 357 1746 vexatione
396 1705 605 1746 exercitus
638 1708 853 1760 poterant:
898 1706 997 1759 iuga
1030 1705 1241 1746 montium
1274 1704 1489 1759 praealtae

132 1763 264 1804 silvae
298 1779 508 1819 rupesque
542 1765 680 1806 inviae
715 1766 927 1819 saepiunt,
974 1780 1038 1817 ea,
1081 1778 1187 1817 quae
1219 1764 1345 1817 plana
1379 1770 1488 1815 sunt,

131 1838 243 1864 novo
283 1824 534 1865 munimenti
576 1838 728 1878 genere
761 1825 1027 1877 inpedierant
1060 1824 1238 1864 barbari.
1302 1823 1489 1864 Arbores

230 1992 245 2021 1
275 1989 313 2021 et
339 1986 607 2031 Sinopensibus
637 1988 804 2022 Jlodms:
841 1990 898 2022 est
930 1988 1171 2032 inopensibus
1193 1991 1231 2020 A.
1339 1997 1490 2031 respon-

132 2035 235 2080 dent]
264 2034 491 2079 respondens
517 2039 553 2068 L.
630 2039 648 2068 2¹
677 2046 726 2077 se,
754 2035 843 2078 quid
873 2036 1032 2069 Gitmta:
1061 2035 1090 2069 si
1118 2035 1207 2079 quid
1234 2038 1272 2067 A.
1358 2037 1399 2070 10
1425 2034 1489 2069 ob-

132 2082 296 2128 stiterat]
323 2082 472 2117 obterat
497 2086 522 2115 L
543 2095 586 2116 m.
603 2095 661 2128 pr.
682 2086 708 2116 P
727 2094 771 2117 712.
788 2095 846 2127 pr.
989 2083 1199 2128 desperata]
1228 2082 1426 2126 desparata
1451 2085 1487 2115 P.

134 2134 175 2164 11
205 2140 242 2163 se
269 2130 508 2176 permittunt]
536 2141 679 2175 semper
705 2130 860 2164 mittunt
886 2133 911 2163 B
932 2142 975 2164 m.
994 2143 1050 2174 pr.
1073 2134 1146 2163 FV.
1234 2133 1275 2163 13
1303 2129 1364 2175 xc]
1386 2142 1431 2164 xc
1452 2133 1487 2162 P.

137 2181 177 2211 17
206 2188 273 2211 nec
299 2177 460 2223 legatos]
494 2177 713 2223 neglegatos
740 2181 765 2210 P
794 2190 835 2212 m.
858 2189 916 2222 pr.
944 2181 983 2210 V.
1133 2181 1173 2211 19
1202 2177 1314 2227 esset]
1342 2187 1421 2211 esse
1448 2180 1487 2209 V.

134 2227 178 2258 ‘20
200 2224 323 2258 valida
348 2226 595 2260 Illaetzellius:
617 2225 759 2259 inuicta
780 2228 817 2259 A.
894 2230 933 2258 21
965 2225 1120 2271 fecerat]
1141 2225 1237 2259 ferat
1256 2228 1296 2257 V.
1371 2224 1424 2270 et]
1445 2234 1489 2258 ex

134 2275 159 2304 P
179 2286 223 2305 m.
243 2284 299 2315 pr.
388 2277 430 2307 23
458 2273 566 2318 quos]
594 2283 685 2316 quas
710 2276 744 2306 P.
821 2277 864 2306 ‘24
892 2272 1044 2317 deserti]
1073 2272 1169 2306 derti
1188 2276 1223 2305 L.
1300 2276 1343 2305 *25
1371 2271 1487 2317 haud]

134 2322 200 2353 aut
225 2323 250 2352 P
276 2332 319 2354 m.
336 2332 395 2364 pr.
520 2321 624 2366 sane]
654 2331 743 2354 sana
771 2323 809 2354 V.
935 2324 977 2353 26
1005 2320 1202 2365 montium]
1237 2319 1422 2353 moncium
1448 2322 1487 2352 V.

134 2370 178 2400 27
200 2366 328 2412 plana]
347 2367 457 2411 plena
473 2372 504 2401 C.
581 2371 624 2402 28
646 2367 882 2413 munimenti]
898 2367 1127 2402 monumenti
1142 2371 1168 2400 F
1189 2380 1232 2401 m.
1253 2379 1306 2411 pr.
1323 2370 1348 2399 P
1370 2379 1412 2400 m.
1429 2378 1487 2410 pr.
