1610 2522
140 63 195 104 ‘2¹3
645 65 682 106 ε’),
713 65 852 100 (ἾἨΤῘ
884 66 989 100 RUFI

139 176 396 214 armatmuin
434 173 602 214 ordines
646 175 779 216 ibant:
821 190 957 229 neque
997 177 1105 217 enini
1153 177 1278 218 latius
1321 179 1487 220 extendi

139 232 269 275 aciem
306 233 579 286 patiebantur
617 235 849 289 angustiae.
915 234 1121 277 Paulatim
1167 237 1316 278 deinde
1352 237 1489 279 laxare

139 295 270 334 semet
305 293 422 333 sinus
456 292 663 334 montium
699 297 739 335 et
774 294 908 335 maius
941 297 1123 349 spatium
1153 297 1313 350 aperire
1347 311 1488 351 coepe—

140 354 250 404 rant,
284 351 341 392 ita
377 355 422 393 ut
457 367 538 393 non
575 353 700 407 pedes
733 353 870 395 solum
904 354 1098 409 pluribus
1132 356 1174 396 in
1209 356 1396 398 ordinem
1431 357 1488 397 in-

139 411 298 457 cedere,
326 411 395 453 sed
419 412 542 453 etiam
566 413 773 454 lateribus
795 414 1075 455 circumfundi
1101 418 1242 468 posset
1264 417 1488 470 equitatus.
1529 435 1542 458 5

92 474 114 507 X
228 470 315 512 Iani
362 472 403 512 in
443 475 690 526 conspeetu,
731 473 802 513 sed
846 475 963 514 extra
997 474 1066 514 teli
1113 475 1266 516 iactum
1311 479 1490 530 utraque
1511 480 1560 515 25

139 531 248 571 acies
281 533 387 582 erat,
430 546 525 573 cum
559 532 720 584 priores
755 532 906 574 Persae
947 533 1210 575 inconditum
1256 537 1297 575 et
1330 538 1489 576 trucem

91 602 109 630 ι’
138 591 346 631 sustulere
374 590 613 632 clamorem.
665 591 873 633 Redditur
899 595 939 633 et
968 608 990 633 a
1018 593 1330 646 Macedonibus.
1358 595 1491 636 maior

138 651 348 691 exercitus
393 665 587 701 numero,
639 652 751 705 iugis
797 652 1005 693 montium
1054 654 1266 707 vastisque
1311 654 1490 695 saltibus

137 725 426 762 repercussus:
461 711 617 765 quippe
645 726 811 765 semper
843 712 1109 754 circumiecta
1137 727 1308 754 nemora
1334 717 1490 768 petrae·
1513 732 1544 757 ιο

138 784 230 823 que,
259 773 645 824 quantamcumque
673 785 869 825 accepere
889 786 1046 825 vocem,
1073 773 1357 826 multiplicato
1385 788 1489 814 sono

91 840 109 869 3
138 829 336 870 referunt.
396 828 635 871 Alexander
673 833 769 871 ante
810 831 945 885 prima
984 832 1105 884 signa
1139 832 1227 873 ibat
1262 832 1490 874 identidem

138 904 263 931 manu
307 904 405 929 suos
448 889 663 943 inhibens,
710 906 759 930 ne
802 892 993 945 suspensi
1038 892 1176 932 aerius
1219 891 1273 931 ob
1315 892 1488 934 nimiam

138 948 455 990 festinationem
499 949 713 991 concitato
763 950 915 1004 spiritu
961 955 1227 1005 ‹·apesserent
1270 951 1490 1018 proelium.

89 1019 108 1048 4
138 1007 328 1074 Cumque
362 1008 519 1074 agmini
556 1009 842 1063 obequitar,et
883 1012 999 1052 varia
1032 1011 1242 1064 oratione,
1274 1014 1322 1052 ut
1355 1012 1490 1053 cuius·
1514 1030 1544 1054 15

138 1082 219 1121 que
252 1068 405 1108 animis
438 1071 585 1122 aptum
625 1072 732 1121 erat,
775 1070 932 1111 milites
972 1044 1290 1124 adloquebatiir.
1354 1070 1490 1113 Mace-

138 1127 280 1177 dones,
315 1131 377 1167 tot
407 1128 613 1169 bellorum
642 1129 684 1170 in
713 1128 885 1184 Europa
912 1130 1104 1174 victores
1132 1130 1182 1170 ad
1211 1130 1487 1182 subi0·endam

138 1162 283 1228 Asiani
321 1190 446 1241 atque
486 1188 637 1229 ultima
669 1188 855 1229 Orientis
897 1205 980 1231 non
1023 1189 1156 1243 ipsius
1195 1184 1330 1245 magis
1363 1205 1486 1244 quam

138 1262 213 1287 suo
248 1247 375 1288 ductu
409 1248 605 1302 profecti,
640 1249 898 1290 inveteratae
931 1249 1104 1290 virtutis
1137 1249 1489 1291 admonebantur:

89 1318 108 1345 5
137 1307 233 1348 illos
267 1310 475 1348 terrarum
510 1307 626 1348 orbis
661 1308 909 1349 liberatores
939 1323 1217 1363 emensosque
1251 1309 1349 1349 olim
1388 1308 1491 1350 Her·
1512 1328 1545 1352 ρο

137 1366 242 1407 culis
276 1369 318 1407 et
351 1366 493 1407 Liberi
527 1368 660 1421 patris
701 1368 904 1409 terminos
943 1383 1028 1409 non
1063 1368 1202 1409 Persis
1235 1369 1379 1421 modo,
1419 1369 1488 1409 sed

137 1426 262 1466 etiam
302 1426 499 1467 omnibus
538 1427 737 1483 gentibus
777 1428 1040 1482 inposituros
1083 1429 1241 1483 iugum.
1300 1428 1490 1469 Macedo-

139 1500 238 1526 num
280 1486 520 1540 provincias
562 1486 715 1527 Baetra
757 1490 798 1528 et
839 1486 967 1529 Indos
1009 1487 1110 1528 fore.
1175 1487 1352 1528 Minima
1390 1503 1490 1535 esse

91 1557 109 1585 6
139 1560 244 1599 quae
271 1559 383 1586 nunc
403 1546 681 1593 intuerentur
709 1547 779 1588 sed
809 1547 951 1588 omnia
974 1547 1149 1588 victoria
1176 1547 1340 1601 aperiri.
1392 1546 1489 1588 Non

138 1605 181 1646 in
214 1605 453 1658 praeruptis
492 1606 624 1659 petris
658 1596 902 1647 Illviiorum
943 1609 984 1647 et
1023 1606 1226 1647 Thraciae
1267 1606 1377 1648 saxis
1411 1610 1490 1648 ste·
1511 1625 1543 1649 25

138 1664 256 1705 iilem
291 1664 480 1705 laborem
508 1666 609 1719 fore,
644 1665 777 1719 spolia
811 1666 944 1707 totius
973 1664 1159 1707 Orientis
1194 1666 1347 1707 offerri.
1405 1665 1489 1707 Vix

137 1723 280 1779 gladio
322 1724 513 1766 futurum
558 1739 681 1779 opus:
726 1728 860 1766 totam
904 1727 1033 1766 aciem
1077 1740 1152 1766 suo
1194 1740 1349 1779 pavore
1391 1726 1489 1766 flue-

92 1795 108 1825 ῖ
138 1786 327 1824 tuantem
370 1784 627 1825 umbonibus
675 1799 799 1838 posse
848 1785 1040 1839 propelli.
1105 1784 1254 1826 Victor
1295 1784 1345 1825 ad
1388 1784 1489 1825 haec

137 1842 468 1884 Atheniensium
494 1843 722 1898 Philippus
750 1848 870 1898 pater
896 1844 1186 1897 invocabatur,
1219 1844 1489 1898 domitaeque

137 1918 271 1957 nuper
306 1902 505 1944 Boeotiae
539 1907 579 1944 et
619 1904 735 1945 urbis
770 1904 811 1945 in
855 1919 901 1945 ea
940 1904 1228 1945 nobilissimae
1266 1903 1315 1944 ad
1351 1905 1485 1945 solum
1510 1922 1542 1945 30

233 1999 252 2029 3
281 1999 396 2030 semet
416 1997 564 2040 scripsi:
593 2008 629 2031 se
657 1998 694 2031 et
714 2000 752 2030 A.
828 2001 848 2030 4
877 1999 913 2032 ivn
942 1997 1107 2031 ordinem
1127 1998 1271 2041 scripsi:
1300 1997 1428 2031 ordine
1449 2000 1486 2030 Δ.

137 2049 156 2077 6
179 2044 333 2089 iactum]
349 2044 423 2077 iam
445 2046 522 2077 tum
539 2048 570 2078 G.
637 2048 653 2077 7
670 2045 810 2088 priores
827 2046 967 2079 Lauer:
982 2044 1115 2089 prioris
1131 2048 1168 2077 A.
1237 2049 1271 2078 11
1293 2046 1488 2087 quantam-

137 2091 309 2136 cumque]
331 2094 672 2135 quantumcumque
689 2097 720 2126 C.
779 2103 954 2136 accepere
969 2096 1001 2126 1:
1024 2092 1190 2136 accipere
1205 2095 1242 2125 A.
1298 2096 1338 2125 13
1361 2092 1487 2137 manu]

136 2151 268 2173 manu*
286 2142 319 2172 P.
410 2143 452 2172 15
474 2139 591 2184 varia‘l
613 2140 688 2173 vari
710 2144 735 2173 P
752 2152 792 2174 m.
806 2152 862 2184 pr.
950 2139 1142 2185 cuiusque]
1165 2139 1427 2183 cuiuscumque
1448 2143 1486 2173 V.

138 2190 179 2221 17
209 2186 371 2231 Europa}
399 2198 537 2230 eupora
557 2191 582 2220 L
605 2200 646 2221 ιιι.
663 2200 733 2232 pr..
762 2199 895 2231 europ*
914 2200 933 2221 a
949 2191 984 2220 P.
1072 2191 1115 2220 '20
1143 2187 1375 2232 liberatores]
1397 2186 1488 2220 libo-

136 2236 278 2268 catores
305 2238 343 2267 V.
491 2239 533 2268 24
562 2234 714 2268 victoria
749 2235 882 2278 aperiri
911 2239 935 2268 P
963 2248 1003 2268 m.
1023 2247 1097 2279 pru:
1133 2235 1264 2268 uictori
1292 2234 1426 2278 aperiri
1454 2239 1486 2268 C.

137 2286 179 2316 25
201 2281 426 2328 Illyriorum]
448 2281 642 2316 illiriorum
659 2287 690 2315 c.
767 2286 809 2315 ⁴26
831 2282 962 2328 totius]
978 2282 1096 2316 tocius
1111 2285 1182 2315 PV.
1260 2281 1346 2327 Vix]
1367 2282 1489 2316 abhoc

136 2330 239 2365 verbo
265 2333 291 2362 1⁷
318 2331 456 2374 incipit.
537 2333 580 2363 30
609 2329 798 2375 Boeotiae]
826 2330 971 2365 boetiae
1000 2333 1031 2363 c.
1129 2329 1231 2363 urbis
1258 2333 1290 2363 1:
1319 2329 1426 2364 urbes
1448 2332 1476 2362 Δ
