1610 2522
118 210 168 245 IX

142 337 161 366 2

141 752 162 781 4

142 870 161 901 5

141 1048 161 1079 6

142 1228 160 1258 7

191 98 278 139 384
694 98 734 140 Q.
763 98 906 133 CURTI
934 99 1047 134 RUFI

283 206 365 249 Sed
391 208 474 249 iam
502 208 601 248 fatis
629 207 965 250 admovebantur
986 207 1264 249 Macedonum
1292 208 1410 263 genti
1436 208 1548 250 bella
1568 214 1610 250 ’ΖΕ

191 267 349 308 civilia:
393 282 490 308 nam
533 270 574 308 et
617 267 863 308 insociabile
906 271 969 308 est
1007 281 1185 322 regnum
1224 270 1266 308 et
1298 282 1321 308 a
1353 268 1546 321 pluribus

190 326 475 380 expetebatur.
535 326 726 367 Primum
760 340 860 382 ergo
894 327 1099 368 conlisere
1132 328 1253 380 vires,
1287 327 1436 368 deinde
1469 326 1549 368 dis-

190 389 431 440 perserunt:
483 388 524 426 et
570 400 664 427 cum
710 385 905 439 pluribus
951 400 1123 441 corpus,
1175 401 1299 440 quam
1345 386 1548 441 capiebat,

190 448 447 499 onerassent,
480 447 617 486 cetera
649 445 839 486 membra
871 446 1048 487 deficere
1076 448 1317 499 coeperunt,
1351 445 1548 499 quodque
1586 465 1601 491 5

190 505 417 559 imperium
463 504 540 545 sub
586 519 670 545 uno
717 507 828 546 stare
873 506 1100 559 potuisset,
1147 505 1246 546 dum
1290 520 1313 546 a
1354 505 1548 559 pluribus

190 564 442 617 sustinetur,
482 564 576 604 ruit.
644 563 822 605 Proinde
855 565 946 605 iure
979 565 1216 618 meritoque
1249 564 1431 618 populus
1468 563 1548 606 Ro-

189 638 337 664 manus
378 624 557 664 salutem
598 637 640 663 se
683 624 864 678 principi
898 638 973 665 suo
1008 623 1156 664 debere
1189 624 1432 678 profitetur,
1476 624 1548 677 qui

189 683 340 735 noctis,
373 697 499 737 quam
532 696 663 736 paene
697 697 936 736 supremam
969 682 1208 732 habuimus,
1242 697 1397 724 novum
1431 682 1548 724 sidus

188 742 355 783 inluxit.
419 741 576 795 Huius,
622 741 810 795 hercule,
855 757 941 784 non
981 743 1083 783 solis
1124 745 1241 784 ortus
1280 742 1416 783 lucem
1450 742 1546 784 cali·
1569 763 1601 788 10

190 803 309 857 ganti
353 801 536 842 reddidit
574 801 749 853 mundo,
796 816 891 844 cum
931 802 1021 843 sine
1060 816 1135 843 suo
1169 802 1307 856 capite
1341 801 1549 842 discordia

189 861 379 902 membra
423 860 696 915 trepidarent.
779 860 892 910 Quot
938 861 1009 902 ille
1053 863 1144 901 tum
1190 862 1373 902 extinxit
1416 861 1546 903 faces!

189 924 295 974 quot
327 920 515 961 condidit
549 920 732 975 gladios!
767 923 967 974 quantam
998 923 1293 974 tempestatem
1321 920 1461 962 subita
1487 934 1547 961 se-

187 981 367 1021 renitate
395 979 610 1021 discussit!
643 978 741 1020 Non
769 994 870 1035 ergo
897 979 1116 1021 revirescit
1142 980 1292 1032 solum,
1319 980 1392 1020 sed
1418 980 1547 1021 etiam

188 1040 313 1081 floret
356 1039 593 1093 imperium.
660 1038 787 1081 Absit
822 1039 949 1081 modo
982 1039 1160 1093 invidia,
1205 1039 1388 1093 excipiet
1420 1039 1548 1079 huius
1570 1055 1600 1081 15

189 1098 347 1140 saeculi
378 1101 573 1153 tempora
603 1098 789 1140 eiusdem
817 1099 968 1140 domus
995 1099 1161 1140 utinam
1186 1102 1402 1153 perpetua,
1435 1101 1546 1140 certe

190 1158 390 1199 diuturna
423 1158 660 1212 posteritas.

279 1217 495 1270 Ceterum,
537 1220 585 1258 ut
624 1218 676 1257 ad
719 1217 927 1270 ordinem,
969 1233 992 1257 a
1024 1232 1108 1271 quo
1142 1232 1207 1258 me
1240 1218 1546 1271 contemplatio

188 1277 387 1332 publicae
418 1276 637 1318 felicitatis
671 1279 899 1331 averterat,
931 1277 1114 1329 redeam,
1148 1276 1346 1317 Perdicca
1378 1276 1546 1317 unicam

189 1351 306 1390 spem
340 1337 490 1377 salutis
518 1351 617 1377 suae
644 1336 685 1377 in
714 1335 919 1391 Meleagri
946 1339 1081 1377 morte
1107 1336 1356 1390 reponebat:
1390 1350 1545 1377 vanum
1567 1351 1601 1377 20

189 1396 367 1437 eundem
409 1398 451 1436 et
484 1396 661 1436 infidum
695 1395 972 1449 celeriterque
1004 1410 1069 1437 res
1101 1399 1357 1437 novaturum
1392 1397 1433 1436 et
1465 1394 1547 1436 sibi

188 1456 371 1496 maxime
404 1455 604 1496 infestum
639 1455 930 1508 occupandum
965 1469 1064 1496 esse.
1130 1453 1211 1495 Sed
1241 1454 1327 1495 alta
1354 1454 1547 1495 dissimum

188 1515 348 1556 latione
392 1515 618 1556 consilium
657 1514 892 1569 premebat,
936 1517 984 1555 ut
1023 1514 1281 1569 opprimeret
1318 1515 1545 1555 incautum.

189 1574 306 1629 Ergo
341 1573 448 1615 clam
482 1574 688 1628 quosdam
723 1588 772 1614 ex
805 1574 958 1628 copiiS,
1003 1573 1158 1627 quibus
1196 1575 1404 1628 praeerat,
1449 1573 1546 1614 sub-

190 1633 374 1687 ornavit,
402 1636 467 1686 ut,
494 1634 613 1687 quasi
642 1634 857 1688 ignoraret
885 1634 992 1687 ipse,
1020 1635 1379 1686 conquererentur
1406 1632 1545 1686 palam
1567 1648 1599 1674 25

189 1692 451 1747 Meleagrum
485 1696 711 1747 aequatum
740 1707 829 1733 esse
852 1692 1085 1734 Perdiccae.
1137 1691 1326 1741 Quorum
1353 1705 1546 1733 sermone

189 1752 402 1806 Meleager
434 1752 485 1792 ad
519 1767 562 1792 se
595 1752 728 1793 relato
761 1751 906 1792 furens
939 1752 1001 1793 ira
1034 1751 1266 1804 Perdiccae,
1309 1764 1416 1805 quae
1449 1764 1545 1792 con-

288 1884 302 1913 1
333 1880 437 1926 fatis]
463 1880 560 1914 fatas
588 1884 607 1912 S
629 1892 672 1914 m.
688 1892 745 1924 pr.
846 1880 960 1926 bella]
988 1879 1072 1914 bela
1093 1884 1127 1914 L.
1228 1884 1246 1914 2
1269 1878 1409 1924 civilia]
1431 1878 1546 1913 ciuila

190 1932 210 1961 S
236 1939 280 1961 m.
297 1939 354 1972 pr.
479 1931 497 1961 3
525 1927 783 1972 expetebatur]
813 1927 1059 1971 expetabatur
1086 1932 1116 1961 S.
1222 1931 1242 1960 4
1270 1926 1458 1972 capiebat]
1486 1937 1546 1960 ca-

188 1975 343 2019 piebant
375 1979 407 2009 c.
519 1979 539 2008 5
573 1975 802 2021 onerassent]
837 1979 1059 2009 oneransent
1084 1979 1121 2008 F.
1233 1974 1414 2019 membra]
1444 1983 1545 2007 men-

189 2023 256 2057 bra
283 2027 314 2056 S.
420 2027 439 2057 6
467 2022 570 2067 dum]
599 2024 634 2056 et
661 2022 748 2056 dum
776 2027 805 2055 S.
915 2026 935 2056 8
962 2022 1042 2068 qui]
1071 2022 1129 2056 cui
1157 2025 1188 2054 C.
1296 2025 1337 2055 12
1365 2020 1543 2066 membra]

189 2070 343 2104 menbra
370 2074 399 2104 S.
495 2069 606 2115 Quot]
634 2069 733 2113 quod
759 2073 798 2103 V.
892 2069 1067 2115 extinxit]
1095 2068 1275 2103 extincxit
1300 2071 1340 2102 V.
1427 2067 1544 2113 faces]

190 2117 304 2152 facies
332 2122 362 2151 S.
500 2120 541 2150 13
569 2117 674 2162 quot]
703 2117 801 2160 quod
827 2120 866 2151 V.
1002 2121 1042 2150 16
1070 2116 1266 2162 perpetua]
1293 2125 1478 2159 perpecua
1503 2118 1543 2149 V.

195 2169 236 2199 18
264 2164 547 2210 contemplatio]
585 2164 855 2208 contemplacio
881 2168 919 2197 V.
1071 2167 1110 2197 19
1139 2163 1336 2208 averterat]
1366 2164 1492 2197 auerte
1519 2166 1545 2195 1²

192 2224 234 2245 m.
256 2224 314 2255 pr.
439 2212 630 2258 Perdicca]
663 2212 814 2255 perdica
840 2215 908 2244 FL.
1034 2215 1077 2244 20
1110 2210 1314 2254 reponebat
1346 2211 1542 2245 Heinsius:

191 2259 402 2303 deponebat
428 2263 466 2294 A.
590 2263 632 2293 22
662 2259 738 2293 alta
766 2260 925 2294 Gizama:
954 2258 1028 2292 alia
1054 2261 1092 2292 A.
1210 2262 1253 2291 ‘25
1281 2267 1544 2301 conquereren-

189 2308 250 2387 ξω·
275 2311 307 2340 1:
345 2309 683 2351 quaequererentur
717 2309 824 2349 BFs,
859 2308 1179 2350 quaquererentur
1203 2309 1245 2348 L,
1282 2305 1544 2349 quiquereren-

207 2365 251 2388 ur
276 2357 314 2387 V.
