1610 2522
81 465 94 489 5

42 629 92 665 45

66 766 94 788 10

61 1061 93 1086 15

340 101 671 135 HISTofflARUM
699 101 981 135 ALEXANDRI
1007 101 1084 140 1111,
1116 106 1166 136 ll.
1192 106 1244 136 12.
1413 102 1468 141 83

119 214 170 263 et,
204 226 310 265 quae
343 210 480 252 adhuc
506 210 651 264 habet,
684 212 872 265 praemia
907 226 996 254 esse
1030 210 1148 252 belli:
1183 211 1263 253 hoc
1296 214 1467 266 regente

119 271 339 324 utriusque
365 271 570 311 terminos
598 271 730 326 regni,
758 271 799 311 id
826 286 1037 324 quemque
1064 270 1325 325 habiturum,
1354 272 1467 324 quod

118 331 336 384 proximae
374 329 482 371 lucis
527 330 802 384 adsignatura
849 330 1020 371 fortuna
1066 331 1154 371 est’.
1220 330 1366 385 Legati
1408 346 1467 370 re—
1495 342 1538 372 22

116 389 339 443 spondent,
365 403 459 430 cum
491 389 647 430 bellum
675 390 719 430 in
746 390 887 430 animo
916 391 981 443 sit,
1014 390 1150 431 facere
1183 405 1278 431 eum
1306 390 1464 444 simpli-

116 449 232 501 citer,
271 449 384 503 quod
427 463 500 502 spe
536 449 649 502 pacis
690 464 775 490 non
806 449 1092 490 frustraretur.
1157 448 1279 503 Ipsos
1312 452 1467 503 petere,

115 512 162 549 ut
195 523 321 562 quam
354 509 539 562 primum
574 509 844 550 dimittantur
883 510 935 549 ad
967 523 1127 563 regem:
1168 523 1262 550 eum
1297 524 1466 563 quoque

118 568 272 609 bellum
290 582 436 621 parare
458 568 618 609 debere.
658 568 835 609 Dimissi
855 569 1055 609 nuntiant
1077 568 1220 609 adesse
1241 572 1465 610 certamen.

203 626 280 669 Ille
319 628 489 681 quidem
524 628 748 669 confestim
780 627 999 669 Mazaeum
1041 643 1135 669 cum
1175 628 1311 669 tribus
1349 629 1539 682 equi-XII

113 690 204 728 tum
251 686 424 727 milibus
469 687 520 728 ad
565 686 728 740 itinera,
773 702 880 741 quae
926 687 1062 728 hostis
1107 688 1318 742 petiturus
1365 692 1466 741 erat,

115 747 360 800 occupanda
401 747 634 801 praemisit.
698 747 937 788 Alexander
980 749 1147 802 corpori
1190 749 1333 788 uxoris
1375 749 1464 789 eius
1494 761 1512 788 2

116 806 237 847 iustis
258 806 488 860 persolutis
510 807 710 859 omnique
733 807 926 861 graviore
948 808 1152 848 comitatu
1181 809 1294 848 intra
1320 807 1465 848 eadem

114 866 378 906 munimenta
420 880 515 907 cum
558 866 724 907 modico
764 867 975 920 praesidio
1015 867 1164 908 relicto
1208 867 1259 907 ad
1298 868 1462 908 hostem

115 926 344 966 contendit.
412 925 467 966 In
509 925 591 966 duo
633 940 789 966 cornua
831 926 1030 967 diviserat
1070 926 1256 980 peditem
1296 927 1465 980 utrique
1495 939 1514 966 3

114 984 235 1026 lateri
294 985 436 1039 equite
494 985 771 1027 circumdato:
829 986 1117 1040 inpedimenta
1181 987 1467 1040 sequebantur

115 1058 277 1099 agmen.
341 1044 629 1085 Praemissum
657 1045 806 1086 deinde
840 1060 935 1086 cum
968 1046 1055 1086 suis
1088 1046 1304 1100 equitibus
1333 1045 1466 1086 Meni-
1495 1058 1513 1087 4

116 1103 197 1144 dan
229 1104 347 1144 iubet
384 1104 622 1158 explorare,
661 1105 735 1145 ubi
769 1104 930 1146 Dareus
964 1108 1085 1146 esset.
1149 1105 1208 1146 At
1241 1105 1329 1158 ille,
1371 1120 1466 1146 cum

114 1163 310 1204 Mazaeus
338 1164 450 1204 haud
477 1164 629 1217 procul
655 1164 929 1218 consedisset,
961 1180 1047 1205 non
1075 1179 1201 1206 ausus
1229 1166 1341 1205 ultra
1374 1180 1467 1219 pro-

115 1223 272 1277 cedere,
304 1223 411 1264 nihil
444 1223 559 1264 aliud
587 1238 713 1277 quam
738 1224 957 1265 fremitum
983 1224 1205 1265 hominum
1232 1224 1466 1265 hinnitum-

115 1298 195 1336 que
222 1297 427 1336 equorum
455 1283 674 1324 exaudisse
699 1285 881 1324 nuntiat.
945 1283 1141 1325 Mazaeus
1169 1298 1337 1338 quoque
1370 1299 1466 1325 con-
1493 1295 1512 1324 5

60 1361 74 1383 -.›
114 1342 269 1396 spectis
301 1343 451 1396 procul
485 1342 826 1396 exploratoribus
859 1343 901 1384 in
937 1347 1073 1384 castra
1112 1358 1155 1384 se
1188 1344 1359 1398 recepit,
1398 1344 1466 1384 ad-

114 1404 265 1443 ventus
292 1401 480 1443 hostium
514 1403 701 1443 nuntius.
764 1401 904 1457 Igitur
929 1402 1105 1456 Dareus,
1139 1404 1212 1457 qui
1246 1404 1288 1443 in
1321 1407 1466 1456 paten-

112 1461 228 1502 tibus
264 1462 422 1515 campis
456 1462 678 1502 decernere
713 1462 907 1516 optabat,
939 1463 1092 1503 armari
1127 1463 1305 1504 militem
1348 1463 1467 1503 iubet

114 1520 332 1575 aciemque
377 1521 576 1575 disponit.
649 1519 698 1562 In
746 1521 866 1562 laevo
910 1537 1040 1563 cornu
1082 1522 1299 1563 Bactriani
1347 1522 1466 1563 ibant
1494 1533 1513 1563 6

113 1580 289 1634 equites,
328 1579 443 1621 mille
471 1580 719 1633 admodum,
760 1581 904 1622 Dahae
937 1582 1128 1635 totidem,
1167 1585 1208 1622 et
1240 1581 1466 1622 Arachosii

80 1656 90 1662 ⁷
116 1638 370 1693 Susianique
421 1643 622 1694 quattuor
670 1640 789 1681 milia
839 1641 1078 1695 explebant.
1156 1641 1245 1682 Hos
1295 1644 1465 1682 centum

112 1699 257 1740 falcati
301 1713 445 1740 currus
489 1700 784 1754 sequebantur.
848 1700 1074 1742 Proximus
1117 1701 1335 1756 quadrigis
1378 1704 1467 1741 erat

114 1758 268 1800 Bessus
315 1773 410 1799 cum
455 1771 536 1800 VIII
582 1759 767 1812 milibus,
812 1760 1028 1814 equitibus
1071 1761 1172 1801 item
1215 1760 1465 1802 Bactrianis.

210 1893 224 1920 1
253 1890 419 1933 regente]
450 1891 615 1933 regemte
641 1892 665 1921 L
688 1901 728 1922 m.
752 1900 811 1932 pr.
839 1892 864 1921 P
889 1901 933 1923 m.
956 1901 1014 1933 pr.
1163 1894 1182 1922 ἵ)
1210 1889 1465 1934 frustraretur]

112 1935 334 1969 frustaretur
357 1939 392 1970 L.
480 1940 499 1970 8
527 1936 721 1970 Mazaeum
741 1937 878 1971 Aldus:
905 1948 1073 1971 mazeum
1094 1940 1132 1972 A.
1218 1940 1237 1970 9
1264 1937 1466 1982 petiturus]

113 1983 298 2026 periturus
313 1987 349 2017 F.
427 1988 467 2017 11
484 1983 699 2028 persolutis]
716 1984 916 2027 prosolutis
931 1988 966 2019 F.
1039 1988 1081 2017 13
1103 1986 1147 2019 In
1165 1985 1237 2018 duo
1253 1984 1465 2019 Acidalius:

113 2030 186 2065 duo
213 2034 251 2064 A.
345 2030 512 2075 peditem
538 2032 748 2066 Acidalizcs:
782 2031 952 2075 peditum
981 2036 1017 2065 A.
1120 2032 1269 2075 utrique
1296 2031 1405 2065 lateri
1432 2036 1464 2065 1:

113 2078 299 2122 utrimque
325 2078 433 2112 lateri
460 2082 537 2121 FP,
572 2079 759 2122 utrimque
786 2079 905 2113 latera
931 2082 999 2113 BL.
1125 2085 1167 2113 14
1193 2079 1466 2125 inpedimenta]

113 2125 368 2169 inpedimento
384 2129 418 2159 B.
497 2131 539 2159 15
561 2127 635 2160 suis
650 2128 794 2170 scripsi:
818 2126 919 2160 scitis
936 2131 968 2168 C,
990 2127 1103 2170 scytis
1118 2131 1152 2161 P.
1231 2131 1271 2160 17
1294 2126 1465 2160 Mazaeus

113 2173 249 2207 Aldus:
270 2184 416 2206 mazeus
432 2176 470 2206 A.
537 2177 578 2207 18
593 2173 854 2217 hinnitumque
870 2178 902 2208 1:
918 2174 1190 2218 hynnitumque
1205 2178 1243 2208 A.
1310 2178 1351 2207 19
1373 2186 1464 2207 nun-

113 2220 198 2265 tiat]
220 2220 371 2254 nunciat
391 2224 426 2255 P.
512 2221 684 2255 Mazaeus
711 2221 847 2255 Aldus:
876 2233 1022 2255 mazeus
1050 2225 1087 2256 A.
1173 2226 1216 2255 25
1244 2221 1464 2265 Susianique

115 2268 252 2302 Luner:
288 2268 468 2311 suanique
495 2272 533 2302 A.
621 2268 725 2302 milia
752 2280 817 2303 om.
841 2273 872 2303 C.
959 2273 1002 2303 27
1031 2269 1163 2303 Bessus
1191 2270 1289 2314 cum]
1316 2269 1464 2303 bessum

114 2318 138 2347 P
159 2327 201 2349 m.
219 2327 289 2359 pr„
309 2315 438 2349 bessus
452 2320 477 2348 P
498 2328 541 2349 m.
562 2328 639 2357 sec,
660 2316 810 2350 bescum
824 2320 850 2349 F
870 2328 913 2350 m.
934 2329 1001 2361 pr„
1022 2316 1153 2351 bessed
1175 2328 1257 2350 cum
1278 2321 1303 2349 F
1327 2329 1367 2351 m.
1390 2328 1466 2355 sec,

115 2362 261 2396 bescum
290 2366 314 2395 L
343 2375 382 2396 m.
400 2375 472 2407 pr..
499 2363 626 2397 bessus
654 2368 678 2396 L
700 2376 743 2397 m.
764 2375 828 2398 see.
928 2364 1079 2398 milibus
1106 2377 1171 2398 om.
1194 2368 1299 2397 FLV.

1207 2427 1250 2456 ὅ*
