1610 2522
86 262 105 292 8

86 440 104 470 9

63 678 106 708 10

64 916 104 946 11

64 1094 105 1124 12

64 1272 107 1303 13

65 1511 108 1541 14

66 1749 109 1779 15

133 82 219 123 382
640 86 680 124 Q.
709 82 853 118 CURTI
879 82 989 117 RUFI

132 192 259 246 paulo
299 196 395 233 ante
434 191 673 233 intenderat
706 216 758 220 —
794 192 981 232 triduum
1014 191 1101 233 fere
1135 192 1400 245 consumpsit
1431 191 1490 232 in-

133 254 247 292 certa
291 251 468 292 consilia
512 251 732 292 volvendo.
808 250 864 291 Et
908 251 1090 305 pristina
1133 251 1304 304 quidem
1350 251 1490 306 regiae

134 311 294 364 species
320 310 535 351 manebat:
568 325 665 351 nam
693 313 735 351 et
760 309 890 365 legati
916 311 1107 366 gentium
1136 324 1278 365 regem
1306 309 1491 362 adibant,

133 373 175 411 et
207 370 426 424 copiarum
460 370 587 411 duces
620 369 806 422 aderant,
839 373 880 411 et
912 369 1170 410 vestibulum
1199 370 1403 411 satellites
1430 385 1489 410 ar-

134 430 321 482 matique
357 429 669 483 conpleverant.
733 427 814 470 Sed
848 429 999 484 ingens
1033 444 1109 470 sua
1140 431 1292 483 sponte
1324 429 1490 470 maesti·
1529 445 1543 471 5

135 489 194 530 tia
227 488 401 530 ultimae
435 488 740 542 desperationis
774 488 901 529 index
934 491 1040 542 erat,
1080 489 1352 542 suspectique
1386 488 1492 529 invi-

134 562 222 589 cem
252 562 338 588 non
365 548 479 589 adire
505 547 694 602 propius,
727 562 811 588 non
844 547 1043 602 conloqui
1072 548 1284 589 audebant
1309 551 1492 589 secretas

134 607 416 661 cogitationes
459 607 571 648 intra
604 622 647 647 se
681 621 849 661 quoque
882 606 1097 661 volvente,
1136 611 1178 649 et
1209 621 1259 647 ex
1293 621 1493 661 conpara-

132 667 249 708 tione
291 667 403 722 regis
445 667 545 707 novi
588 666 841 707 desiderium
884 666 1149 708 excitabatur
1189 666 1344 707 amissi.
1409 665 1491 708 Ubi

134 727 205 767 ille
233 729 354 779 esset,
381 726 500 767 cuius
522 726 760 780 imperium,
789 727 908 766 cuius
935 726 1172 781 auspicium
1199 726 1332 767 secuti
1359 729 1492 778 erant,
1513 742 1546 767 10

133 785 425 839 requirebant:
470 785 696 827 destitutos
738 800 781 826 se
820 785 932 826 inter
969 785 1146 826 infestas
1178 784 1492 838 indomitasque

133 848 282 901 gentes
315 845 575 899 expetituras
602 847 668 886 tot
693 859 863 885 suarum
894 845 1077 886 cladium
1104 859 1274 898 poenas,
1309 844 1494 898 quando-

135 919 215 958 que
257 904 402 946 oblata
443 908 554 946 esset
596 904 774 946 occasio.
840 903 917 945 His
958 903 1291 958 cogitationibus
1330 902 1492 944 animos

133 964 386 1017 exedebant,
426 978 520 1005 cuni
555 964 830 1005 adnuntiatur
862 964 1044 1017 equites,
1078 964 1147 1017 qui
1182 964 1259 1005 sub
1294 962 1493 1004 Perdicca

134 1027 292 1077 essent,
338 1023 555 1078 occupatis
601 1024 712 1065 circa
754 1023 975 1076 Babylona
1020 1024 1178 1077 campis
1221 1022 1493 1075 frumentum,
1514 1038 1546 1064 1⁵

135 1083 247 1137 quod
290 1083 333 1123 in
375 1083 523 1124 urbem
566 1082 816 1136 vehebatur,
858 1083 1093 1123 retinuisse.
1156 1081 1305 1136 Itaque
1350 1081 1495 1136 inopia

133 1143 332 1197 primuni,
365 1143 513 1183 deinde
540 1142 672 1183 fames
701 1156 789 1183 esse
817 1142 970 1196 coepit7
998 1145 1050 1195 et,
1078 1142 1151 1196 qui
1170 1142 1214 1183 in
1235 1141 1340 1182 urbe
1361 1143 1493 1195 erant,

134 1205 207 1243 aut
250 1201 607 1243 reconciliandam
653 1216 747 1242 cum
784 1201 984 1242 Perdicca
1028 1201 1208 1256 gratiam
1256 1203 1328 1241 aut
1366 1200 1493 1241 armis

134 1262 379 1302 certandum
413 1276 502 1302 esse
537 1261 773 1302 censebant.
825 1261 952 1302 Forte
984 1261 1044 1301 ita
1077 1260 1298 1311 acciderat,
1330 1262 1390 1312 ut,
1420 1259 1492 1313 qui

136 1321 178 1361 in
235 1321 348 1376 agris
406 1324 543 1373 erant,
593 1321 914 1375 populationem
970 1321 1168 1361 villarum
1218 1321 1493 1373 vicorumque
1514 1335 1547 1360 20

134 1380 258 1421 veriti
293 1381 573 1436 confugerent
605 1380 647 1420 in
681 1379 847 1432 urbem,
890 1379 1113 1434 oppidani,
1145 1393 1239 1419 cum
1273 1379 1388 1432 ipsos
1421 1378 1493 1418 ali-

135 1443 279 1480 menta
318 1440 561 1492 deficerent,
604 1440 709 1481 urbe
747 1440 999 1491 excederent,
1042 1439 1210 1493 utrique
1255 1437 1398 1493 generi
1431 1440 1494 1478 tu-

135 1500 220 1540 tior
261 1500 397 1540 aliena
439 1500 558 1540 sedes
600 1513 727 1553 quam
767 1513 843 1539 sua
882 1499 1105 1539 videretur.
1170 1496 1358 1546 Quorum
1398 1510 1494 1538 con·
1513 1500 1562 1534 27

136 1559 439 1599 sternationem
461 1558 713 1599 Macedones
747 1558 870 1599 veriti
902 1557 944 1597 in
977 1558 1138 1613 regiam
1172 1559 1336 1609 coeunt,
1370 1570 1495 1610 quae-

137 1632 216 1671 que
244 1618 432 1672 ipsorum
460 1619 671 1659 sententia
698 1620 820 1669 esset,
848 1619 1076 1672 exponunt.
1128 1615 1329 1657 Placebat
1351 1618 1493 1656 autem
1514 1631 1547 1657 25

134 1679 298 1733 legatos
326 1678 376 1717 ad
405 1678 568 1731 equites
595 1677 708 1718 mitti
736 1676 814 1731 [et]
842 1676 892 1717 de
913 1676 1097 1717 finienda
1117 1675 1328 1717 discordia
1350 1674 1495 1715 armis-

137 1752 217 1791 que
252 1737 470 1790 ponendis.
532 1736 672 1791 Igitur
704 1752 728 1777 a
759 1750 857 1791 rege
890 1737 1058 1791 legatur
1090 1735 1233 1776 Pasias
1265 1734 1494 1775 Thessalus

136 1800 177 1837 et
198 1796 422 1849 Damyllus
443 1796 832 1851 Megalopolitanus
860 1799 901 1836 et
922 1795 1130 1836 Perilaus:
1159 1794 1230 1849 qui
1259 1808 1352 1834 cum
1379 1807 1494 1834 man-

234 1888 249 1917 1
279 1883 407 1929 paulo]
433 1881 569 1927 pauloo
597 1886 632 1916 L.
710 1888 728 1915 2
754 1882 951 1927 volvendo]
979 1881 1154 1915 uolueldo
1177 1885 1202 1914 P
1290 1886 1309 1913 3
1337 1879 1493 1925 species]

137 1931 275 1975 speties
302 1935 337 1964 F.
438 1930 609 1975 adibant]
637 1929 817 1963 adhibant
847 1933 873 1962 B
894 1941 937 1963 m.
954 1941 1012 1973 pr.
1120 1932 1137 1962 7
1166 1931 1325 1962 secretas
1353 1927 1494 1971 cogita-

136 1979 257 2012 tiones
286 1979 444 2013 Ginnta:
473 1980 636 2011 secretae
664 1977 902 2021 cogitationis
929 1980 967 2010 A.
1086 1979 1106 2010 8
1133 1976 1316 2021 volvente]
1343 1974 1494 2008 uoluen-

137 2029 193 2060 tes
220 2031 252 2059 C.
333 2029 372 2059 10
400 2025 479 2071 1116]
507 2036 572 2059 om.
594 2028 619 2057 P
640 2037 683 2058 m.
701 2037 759 2068 pr.
838 2029 878 2057 12
907 2024 1150 2069 expetituras]
1179 2024 1439 2067 expectaturos
1460 2026 1492 2055 c.

141 2078 183 2107 14
210 2073 404 2119 Perdicca]
425 2072 578 2117 perdica
598 2075 623 2104 L
643 2084 687 2105 m.
704 2084 762 2115 pr.
779 2075 816 2105 V.
919 2076 961 2105 15
984 2071 1191 2116 Babylona]
1213 2069 1403 2104 babillona
1424 2073 1494 2112 LP,

136 2121 341 2165 babyllona
362 2124 387 2153 B
410 2132 533 2164 mpii,
555 2119 761 2153 babillonia
776 2123 814 2152 V.
892 2123 933 2152 16
956 2119 1071 2163 quod]
1093 2129 1165 2161 quo
1179 2122 1214 2152 P.
1293 2120 1334 2151 18
1357 2120 1422 2150 aut
1438 2128 1493 2150 16-

138 2168 426 2213 conciliandam]
448 2168 539 2201 haut
559 2166 873 2201 reconciliandam
889 2170 923 2199 P.
1010 2170 1052 2199 22
1075 2165 1329 2200 excederent
1347 2165 1492 2208 scripsi:

138 2219 174 2250 et
189 2219 227 2250 A.
303 2219 346 2249 ‘26
369 2216 415 2250 ad
437 2215 582 2259 equites
598 2214 738 2248 Lauer:
762 2216 798 2247 et
819 2214 961 2256 equites
978 2216 1015 2246 A.
1092 2213 1160 2258 [ct]
1181 2212 1236 2246 del
1267 2211 1494 2246 Vindelinus.

139 2264 199 2309 de]
227 2275 292 2297 om.
315 2267 349 2296 L.
451 2266 493 2296 27
516 2261 713 2306 ponendis]
734 2262 792 2296 hic
812 2261 943 2295 desinit
963 2265 988 2293 P
1014 2262 1051 2294 in
1079 2262 1150 2303 sine
1175 2261 1267 2303 folii.
1367 2258 1494 2293 Pasias

137 2313 282 2355 scripsi:
299 2321 408 2355 pasas
424 2314 463 2344 A.
540 2309 740 2343 Thessalus
755 2312 779 2342 B
795 2321 838 2342 m.
854 2320 936 2343 stc:
953 2307 1111 2356 tessalus
1126 2310 1166 2340 A.
1236 2310 1280 2340 ‘28
1302 2305 1494 2349 Damyllus

137 2360 283 2403 scripsi:
306 2359 462 2392 amissus
483 2361 522 2392 A.
592 2355 933 2401 Megalopolitanus
955 2356 1088 2390 Aldus:
1110 2354 1439 2399 megalipolitanus
1454 2356 1493 2387 Δ.
