1610 2522
56 392 100 423 23

55 689 99 719 24

53 1462 95 1491 27

54 1758 97 1789 28

130 92 215 133 360
636 94 674 132 o.
704 89 846 124 CURTI
875 89 985 123 RUFI

128 201 194 241 liti
239 202 376 241 status
416 200 523 249 eius,
569 214 695 252 quem
734 199 940 240 beneficio
981 199 1158 239 exuistis
1197 213 1310 253 meo,
1355 198 1486 255 digni,

127 260 315 313 hercule,
358 260 428 313 qui
464 259 506 299 in
540 259 685 300 eodeni
721 259 1051 311 consenescatis,
1085 258 1285 311 quoniam
1318 258 1484 300 facilius

128 322 193 360 est
230 319 351 359 vobis
390 319 607 359 adversam
649 333 774 371 quam
815 317 1039 358 secundam
1080 332 1224 371 regere
1256 317 1483 359 fortunam.

130 379 194 419 ΕΠ
238 378 522 419 insolentiam!
579 377 827 431 lllyriorum
870 377 997 431 paulo
1040 380 1136 418 ante
1181 380 1222 417 et
1261 376 1483 418 Persarum

128 438 363 479 tributariis
396 437 500 478 Asia
545 440 587 478 et
630 440 693 477 tot
738 437 930 491 gentium
978 435 1115 490 spolia
1151 435 1324 477 fastidio
1367 438 1483 477 sunt!

127 498 252 539 modo
288 497 365 537 sub
387 496 589 551 Philippo
623 495 855 537 seminudis
888 496 1070 537 amicula
1103 510 1152 536 ex
1185 510 1374 550 purpura
1399 510 1484 537 sor-

126 557 243 598 dent!
295 571 445 597 aurum
491 559 533 596 et
577 559 799 609 argentum
846 555 958 596 oculi
1002 556 1111 596 ferre
1156 569 1241 596 non
1285 556 1483 609 possunt!

126 616 289 672 Lignea
327 616 439 657 enim
478 630 578 656 vasa
620 615 860 656 desiderant
892 618 933 655 et
965 630 1015 656 ex
1050 614 1236 655 cratibus
1270 618 1389 655 scuta
1422 629 1485 655 ro-

126 675 402 730 biginemque
429 675 682 730 gladiorum.
745 674 838 715 Hoc
872 675 992 715 culti?
1021 675 1205 715 nitentes
1239 688 1313 714 vos
1341 674 1484 728 accepi

127 739 168 776 et
212 747 242 775 D
287 735 447 776 talenta
492 735 598 775 aeris
638 734 783 787 alieni,
829 747 922 774 cum
962 734 1100 774 omnis
1138 734 1254 787 regia
1292 735 1483 787 supellex

126 799 224 837 esset
268 794 381 835 haud
425 795 607 848 amplius
653 808 780 847 quam
824 805 884 835 Lx
929 792 1112 846 talenta,
1156 806 1339 834 meorum
1385 807 1483 833 mox

127 869 303 908 operum
342 854 627 895 fundamenta.
698 852 862 901 Quibus
901 856 1043 893 tamen
1082 877 1136 881 —
1179 851 1293 892 absit
1325 852 1485 892 invidia

80 928 92 955 .-
125 938 184 943 ——
210 914 437 967 imperium
464 913 673 954 maximae
700 915 908 953 terrarum
934 912 1046 966 parti
1073 912 1253 965 inposui.
1303 911 1484 952 Asiaene

126 976 366 1027 pertaesum
412 975 493 1025 est,
538 986 646 1026 quae
690 986 765 1012 vos
810 971 948 1028 gloria
991 986 1130 1012 rerum
1171 974 1385 1026 gestarum
1419 970 1483 1011 dis

125 1048 248 1087 pares
290 1032 420 1074 fecit?
471 1031 521 1073 In
554 1031 771 1085 Europam
805 1031 866 1072 ire
900 1030 1141 1085 properatis
1173 1044 1271 1085 rege
1304 1030 1484 1083 deserto,

126 1107 221 1134 cum
264 1091 460 1146 pluribus
502 1095 689 1132 vestrum
729 1091 974 1131 defuturum
1015 1091 1218 1131 viaticum
1252 1091 1398 1143 fuerit,
1440 1089 1483 1130 ni

126 1166 194 1192 aes
228 1152 413 1193 alienum
446 1151 639 1205 luissem,
684 1165 834 1205 nempe
867 1151 910 1191 in
943 1150 1134 1191 Asiatica
1165 1149 1331 1204 praeda.
1393 1149 1484 1190 Nec

125 1211 257 1266 pudet
289 1210 501 1266 profundo
541 1213 687 1251 ventre
721 1210 981 1251 devictarum
1014 1210 1204 1265 gentium
1238 1209 1375 1263 spolia
1407 1209 1483 1249 cir-

127 1271 407 1312 cumferentes
440 1270 597 1311 reverti
629 1271 737 1310 velle
770 1269 822 1310 ad
854 1269 1010 1310 liberos
1043 1270 1348 1322 coniugesque,
1393 1268 1483 1322 qui-

127 1330 204 1371 bus
245 1331 369 1384 pauci
410 1330 598 1383 praemia
640 1329 842 1370 victoriae
883 1329 1064 1383 potestis
1107 1327 1343 1369 ostendere:
1384 1341 1482 1368 nam

126 1393 375 1442 ceterorum,
409 1390 507 1429 dum
542 1389 671 1430 etiam
704 1389 792 1442 spei
827 1391 991 1430 vestrae
1024 1388 1191 1429 obviam
1226 1387 1331 1441 istis,
1369 1401 1485 1428 arma

125 1464 295 1503 quoque
334 1448 505 1505 pignori
546 1451 654 1489 sunt.
719 1448 850 1489 Bonis
888 1462 987 1489 vero
1029 1447 1241 1488 militibus
1275 1447 1484 1488 cariturus

125 1524 232 1561 sum,
265 1509 449 1562 pelicum
484 1522 655 1549 suarum
682 1507 943 1560 concubinis,
977 1506 1132 1561 quibus
1159 1507 1239 1547 hoc
1267 1507 1405 1547 solum
1433 1520 1483 1547 ex

124 1569 255 1609 tantis
301 1568 452 1622 opibus
495 1570 705 1622 superest,
747 1567 791 1608 in
833 1567 945 1621 quod
984 1566 1248 1620 inpenditur!
1300 1565 1483 1606 Proinde

124 1627 390 1683 fugientibus
435 1641 502 1667 me
546 1629 721 1681 pateant
765 1627 940 1667 limites!
985 1626 1179 1667 facessite
1215 1625 1315 1666 hinc
1347 1625 1481 1666 ocius!

125 1701 203 1742 ego
246 1701 339 1728 cum
383 1686 520 1727 Persis
563 1686 810 1727 abeuntium
852 1689 973 1741 terga
1013 1685 1195 1726 tutabor.
1258 1684 1482 1725 Neminem

124 1749 264 1788 teneo:
303 1746 482 1787 liberate
515 1745 662 1787 oculos
694 1759 827 1798 meOS,
869 1745 1149 1800 ingratissimi
1183 1745 1311 1785 cives!
1362 1743 1481 1784 Laeti

124 1820 199 1846 vos
242 1805 456 1858 excipient
495 1808 692 1859 parentes
734 1804 945 1858 liberique
987 1805 1076 1845 sine
1117 1806 1258 1845 vestro
1292 1817 1391 1858 rege
1422 1817 1482 1843 re-

221 1974 237 2003 1
267 1969 402 2014 status]
430 1971 592 2003 statutus
619 1973 643 2002 L
666 1981 707 2003 m.
723 1980 783 2013 pr.
888 1973 909 2002 4
944 1968 1201 2004 insolentiam
1228 1968 1373 2011 scripsi:
1400 1969 1482 2001 tan-

125 2018 208 2052 dem
235 2020 274 2051 A.
373 2016 582 2060 Illyriorum
610 2017 746 2051 Aldus:
774 2016 969 2050 illiriorum
998 2019 1036 2050 A.
1136 2021 1155 2049 5
1183 2014 1367 2060 gentium]
1393 2024 1482 2058 gen-

126 2066 223 2099 cium
249 2069 287 2098 F.
396 2068 415 2098 6
443 2064 661 2109 seminudis]
689 2064 903 2098 seminudus
930 2067 955 2096 L
975 2076 1018 2098 m.
1038 2075 1096 2107 pr.
1209 2066 1229 2097 8
1257 2061 1481 2106 robiginem—

125 2123 196 2157 que
230 2113 375 2156 scripsi:
411 2111 698 2157 rubiginemque
730 2115 770 2144 A.
919 2114 960 2144 10
994 2110 1176 2156 supellex]
1213 2109 1405 2154 suppellex
1440 2112 1479 2142 V.

127 2165 166 2194 11
196 2164 306 2194 esset
330 2158 427 2193 haud
449 2159 594 2204 scripsi:
622 2158 721 2192 haud
743 2162 781 2192 A.
850 2158 1017 2199 talenta,
1038 2169 1209 2192 meorum
1230 2168 1313 2191 mox
1332 2158 1479 2201 scripsi:

123 2207 350 2242 talentorum
376 2218 459 2241 mox
486 2209 524 2239 A.
609 2210 650 2240 13
678 2206 775 2250 parti
802 2210 835 2239 1:
865 2205 982 2249 partis
1009 2209 1048 2239 Δ.
1131 2208 1172 2238 16
1199 2204 1328 2249 fuerit]
1354 2215 1420 2239 om.
1441 2207 1479 2238 V.

127 2259 168 2289 17
196 2254 364 2300 luissem]
391 2254 546 2288 luissum
573 2257 598 2287 L
620 2266 662 2288 m.
680 2265 738 2297 pr.
852 2257 893 2287 18
921 2252 1166 2298 devictarum]
1194 2252 1434 2286 deuectamm
1455 2254 1481 2284 B

126 2315 168 2337 m.
186 2314 245 2347 pr.
367 2301 551 2347 gentium]
584 2301 755 2346 gencium
782 2305 818 2334 F.
944 2304 984 2333 19
1011 2299 1123 2346 velle]
1157 2299 1271 2334 uellet
1303 2303 1329 2332 F
1356 2311 1398 2333 m.
1421 2310 1480 2343 pr.

126 2354 169 2383 ‘25
197 2349 314 2394 ocius]
343 2350 439 2383 otius
467 2352 570 2382 BFL.
672 2352 715 2381 26
743 2348 975 2393 abeuntium]
1004 2347 1227 2382 abeuncium
1252 2351 1288 2380 F.

1504 751 1538 776 10

1504 1048 1536 1073 15

1502 1345 1537 1370 80

1503 1643 1536 1668 85
