1610 2522
155 110 237 150 176
657 109 696 150 Q.
725 108 868 142 s'L‘RTI
896 108 1008 142 RUFI

82 228 123 259 18
151 233 264 271 rum,
303 233 327 259 a
374 233 457 271 quo
498 218 841 259 introduceretur
879 217 932 258 ad
970 232 1125 273 regem.
1190 217 1317 258 Forte
1361 219 1512 260 ceteris

151 277 337 318 dimissis
371 292 479 318 unus
514 277 719 328 Philotas,
752 277 1045 318 Parmenionis
1078 276 1191 317 filius
1221 302 1273 305 —
1303 278 1511 318 incertum

151 352 277 390 quarn
313 336 366 377 ob
400 351 568 377 causam
603 362 659 365 —
693 337 942 378 substiterat
977 337 1018 377 in
1053 337 1185 391 regia:
1218 335 1319 377 huie
1352 336 1512 377 Oebali-

150 410 230 436 nus
270 410 341 437 ore
375 396 552 436 confuso
593 410 772 451 magnae
804 395 1141 450 perturbationis
1181 399 1302 436 notas
1336 411 1435 450 prae
1468 409 1511 437 se

150 456 290 496 ferens
324 454 478 509 aperit,
523 470 630 508 quae
663 469 712 495 ex
746 456 877 496 fratre
911 458 1181 509 conpererat,
1214 458 1256 496 et
1288 455 1377 496 sine
1411 455 1510 496 dila-

83 527 123 555 12·
150 515 268 556 tione
301 515 491 555 nuntiari
525 515 614 569 regi
648 515 777 555 iubet.
830 513 1022 555 Philotas
1050 514 1303 556 conlaudato
1337 529 1385 556 eo
1419 530 1512 569 pro-

152 575 266 615 tinus
300 574 430 615 intrat
463 574 513 615 ad
540 574 832 615 Alexandrum
866 574 1086 627 multoque
1120 574 1300 614 invicem
1334 574 1383 616 de
1416 574 1511 615 aliis

152 634 277 674 rebus
311 648 505 674 sermone
538 637 793 688 consumpto
828 633 935 674 nihil
975 648 1134 686 eorum,
1161 648 1267 687 quae
1301 648 1351 674 ex
1385 632 1512 674 Ceba-

80 704 124 735 20
152 693 239 734 lino
274 696 543 748 cognoverat,
570 693 749 734 nuntiat.
802 692 889 733 Sub
924 707 1138 747 vesperam
1175 707 1270 733 eum
1303 693 1512 747 prodeun-

152 756 238 794 tem
271 753 312 793 in
347 752 559 794 vestibulo
595 753 734 808 regiae
767 752 927 807 excipit
964 753 1145 805 iuvenis,
1178 767 1232 793 an
1264 752 1512 794 mandatum

81 824 121 854 21
153 815 357 853 executus
399 812 527 865 foret,
578 812 808 866 requirens.
872 811 948 853 Ille
988 827 1073 853 non
1114 825 1283 853 vacasse
1325 812 1510 853 sermoni

153 886 228 913 suo
275 886 417 927 regem
464 875 660 913 causatus
703 871 907 913 discessit.
980 871 1157 913 Postero
1191 871 1258 912 die
1286 870 1513 912 Cebalinus

151 931 340 972 venienti
387 931 428 971 in
462 932 623 987 regiam
656 934 826 985 praesto
860 934 925 971 est
956 931 1273 984 intrantemque
1313 930 1512 971 admonet

152 990 291 1045 pridie
336 991 674 1032 communicatae
719 1005 813 1031 cum
857 991 950 1045 ipso
988 991 1058 1031 rei.
1136 989 1213 1031 Ille
1261 1004 1386 1031 curae
1431 990 1510 1031 sibi

153 1064 243 1091 esse
275 1051 522 1104 respondet:
557 1065 605 1091 ae
636 1065 689 1091 ne
721 1052 814 1091 tum
842 1050 1011 1104 quidem
1041 1049 1143 1105 regi,
1177 1064 1284 1104 quae
1310 1049 1512 1092 audierat.

82 1122 125 1152 22
154 1109 300 1163 aperit.
365 1108 573 1163 Coeperat
607 1108 810 1151 Cebalino
844 1124 934 1150 esse
967 1113 1204 1164 suspectus:
1251 1109 1394 1163 itaque
1426 1123 1511 1150 non

154 1169 267 1209 ultra
312 1169 669 1223 interpellandum
712 1172 830 1210 ratus
874 1169 1009 1210 nobili
1057 1168 1199 1210 iuveni
1248 1193 1300 1198 —
1342 1167 1509 1210 Metron

156 1231 245 1269 erat
278 1229 313 1269 ei
346 1243 503 1269 nomen
536 1253 593 1258 —
626 1243 753 1283 super
791 1229 1166 1270 armamentarium
1199 1229 1359 1282 posito,
1399 1229 1511 1282 quod

83 1301 126 1331 23
154 1287 291 1329 scelus
317 1291 552 1342 pararetur,
586 1288 755 1329 indicat.
782 1286 860 1329 Ille
882 1286 1084 1329 Cebalino
1113 1288 1158 1329 in
1183 1289 1510 1329 armamentario

154 1347 405 1388 abscondito
438 1348 637 1402 protinus
663 1348 753 1403 regi
787 1362 939 1401 corpus
965 1348 1075 1388 forte
1109 1348 1284 1401 curant-i,
1317 1347 1420 1401 quid
1453 1347 1512 1388 in·
1534 1362 1548 1386 ε’

84 1421 128 1451 ‘24
155 1407 236 1448 dex
281 1407 522 1461 detulisset,
565 1407 764 1449 ostendit.
846 1406 937 1448 Rex
982 1407 1034 1447 ad
1084 1407 1511 1461 conprehendendum

154 1466 375 1520 Dymnum
408 1467 549 1508 missis
583 1466 841 1508 satellitibus
869 1466 1242 1508 armamentarium
1276 1467 1416 1507 intrat.
1450 1465 1513 1507 Ibi

156 1525 383 1567 Cebalinus
406 1527 561 1580 gaudio
589 1526 743 1568 elatus:
779 1525 942 1567 ‘Habeo
964 1526 1033 1578 te',
1060 1526 1212 1580 inquit,
1241 1525 1511 1568 ‘ineolumem

84 1599 128 1630 25
156 1600 205 1626 ex
240 1586 453 1639 inpiorum
493 1586 688 1626 manibus
731 1586 955 1639 ereptum'.
1033 1585 1314 1626 Percontatus
1365 1585 1513 1627 deinde

155 1644 410 1697 Alexander,
446 1660 552 1699 quae
586 1645 799 1686 noscenda
832 1648 963 1697 erant⁷
997 1645 1143 1686 ordine
1177 1647 1328 1686 cuncta
1361 1659 1512 1700 eogno—
1535 1665 1549 1688 2

156 1704 247 1746 scit.
316 1704 566 1759 Rursusque
606 1705 764 1745 institit
806 1719 1026 1758 quaerere.
1062 1707 1220 1758 quotus
1260 1704 1347 1745 dies
1390 1707 1514 1749 esset,

85 1776 129 1808 26
156 1778 206 1805 ex
241 1777 324 1818 quo
346 1763 635 1805 Nicomachus
668 1764 721 1804 ad
742 1779 837 1805 eum
873 1763 1096 1805 detulisset
1122 1763 1337 1805 indicium.
1371 1763 1513 1818 Atque

256 1898 272 1927 1
301 1905 323 1927 α
355 1904 428 1936 quo
460 1893 676 1927 Frobemras:
719 1904 791 1935 quo
819 1897 858 1935 c,
889 1903 955 1926 om.
982 1896 1007 1925 P
1036 1905 1078 1926 m.
1101 1904 1158 1935 pr.
1284 1896 1302 1925 2
1331 1891 1513 1937 Philotas]

157 1940 333 1985 phylotas
360 1943 430 1974 BF.
506 1939 777 1985 Parmenionis]
805 1940 1080 1984 parmoenionis
1101 1942 1169 1973 BP.
1250 1942 1268 1972 3
1297 1939 1513 1973 substiterat

159 1989 300 2023 Lauer:
329 1988 550 2022 subsisterat
569 1991 606 2030 P,
633 1987 852 2021 subsisteret
873 1991 905 2020 c.
1005 1986 1219 2032 Cebalinus]
1246 1986 1452 2021 ceballinus
1478 1991 1513 2020 F.

159 2040 178 2069 5
207 2036 441 2081 conpererat]
457 2037 693 2079 compereant
707 2038 732 2067 P
746 2046 790 2068 m.
804 2046 859 2078 pr.
945 2034 1040 2080 sine]
1056 2036 1126 2068 fine
1140 2038 1166 2067 P
1183 2046 1293 2078 mpr.
1382 2038 1400 2067 6
1422 2046 1513 2068 nun-

158 2083 260 2129 tiari]
283 2083 451 2117 nunciati
472 2086 545 2116 FV.
621 2081 803 2127 Philotas]
825 2081 999 2126 phylotas
1021 2086 1053 2115 C.
1130 2085 1149 2115 9
1176 2081 1340 2127 nuntiat]
1363 2082 1513 2116 nunciat

158 2135 225 2164 LV·
296 2134 338 2164 10
354 2131 417 2176 an]
434 2142 454 2165 a
466 2134 490 2163 P
506 2142 618 2175 nuptu
684 2133 725 2163 13
740 2130 777 2162 iu
788 2140 854 2164 om.
867 2133 896 2162 V
910 2141 1023 2173 mpr.
1090 2133 1131 2163 15
1143 2128 1331 2174 audierat]
1346 2129 1514 2164 audieret

158 2182 183 2211 P
205 2190 246 2212 m.
264 2190 322 2222 pr.
401 2184 442 2213 18
464 2177 807 2222 armamentarium]
829 2177 1095 2210 armentarium
1119 2180 1144 2209 P
1163 2188 1207 2210 m.
1224 2188 1282 2221 pr.
1359 2180 1403 2210 20
1423 2176 1514 2221 quid

158 2225 285 2271 index]
301 2225 413 2269 quide
429 2226 539 2259 index
554 2228 588 2258 B.
660 2228 703 2258 22
718 2224 921 2269 Dymnum]
939 2224 1105 2257 dimnum
1120 2228 1144 2257 P
1161 2236 1202 2258 m.
1214 2236 1271 2268 pr.
1287 2227 1326 2257 V.
1396 2235 1513 2258 arma-

158 2274 397 2317 mentarium]
419 2274 731 2307 arm-amentatum
752 2276 787 2306 1..
865 2276 908 2305 ‘23
932 2272 1070 2317 inquit]
1091 2271 1223 2315 inquid
1243 2275 1303 2304 FP
1325 2284 1366 2305 m.
1382 2284 1441 2315 pr.

159 2320 398 2365 incolumem}
415 2320 636 2354 incolomem
650 2324 688 2363 F,
702 2319 912 2353 incolumen
926 2323 965 2352 V.
1042 2323 1084 2353 27
1107 2318 1373 2364 Nicomachus]
1387 2318 1513 2353 nicho-

159 2368 311 2402 machus
339 2372 370 2401 c.
472 2368 666 2413 indicium]
695 2367 872 2401 inditium
897 2370 933 2408 P,
960 2366 1172 2400 incendium
1200 2369 1224 2399 B
1246 2378 1288 2401 m.
1307 2378 1363 2410 pr.

1534 767 1567 792 10

1534 1063 1565 1088 15

1535 1420 1544 1429 .

1537 1362 1582 1445 ¹50
