1610 2522
94 408 113 436 :3

96 945 116 973 4

100 1838 120 1865 ὃ

147 107 230 148 132
648 111 687 149 Q.
716 107 857 142 CURTI
885 107 994 142 RUFI

143 218 445 265 constantiam,
492 217 535 258 in
574 216 698 258 rebus
738 216 958 257 moliendis
993 218 1311 272 efficiendisque
1352 217 1499 259 veloci-

142 279 292 327 tatem,
337 277 379 316 in
423 276 585 317 deditos
628 276 772 328 fidem,
817 277 858 316 in
901 277 1093 331 captivos
1126 278 1416 330 clementiam,
1461 277 1500 317 in

144 335 435 389 voluptatibus
466 336 683 390 permissis
711 349 881 389 quoque
908 339 950 376 et
977 337 1145 377 usitatis
1174 337 1500 391 temperantiam

142 395 256 436 haud
306 394 521 436 tolerabili
572 395 656 436 vini
711 394 945 448 (eupiditate
987 395 1198 447 ‚foedavit
1282 395 1417 437 Hoste
1461 399 1503 437 et

143 454 309 495 aemulo
361 454 479 510 regni
533 457 753 508 reparante
805 455 1086 496 cummaxime
1139 455 1332 508 bellum,.
1367 470 1503 509 nuper
1543 473 1557 495 r.

143 513 349 566 subactis,
383 529 490 568 quos
525 514 701 562 viverat,
739 528 983 567 novumque
1018 515 1241 568 imperium
1276 529 1502 569 aspernan-

143 573 258 614 tibus
292 573 342 614 de
369 573 436 614 die
464 573 600 614 inibat
627 573 834 626 convivia,
866 573 1024 628 quibus
1050 573 1232 615 feminae
1261 574 1502 615 intererant.

143 646 227 673 non
274 632 444 686 quidem
485 648 588 687 quas
635 633 785 674 violari
830 633 948 673 nefas
982 636 1110 687 esset,
1155 634 1314 688 quippe
1346 633 1502 687 pelices

143 692 362 745 licentius,
407 706 534 746 quam
567 693 758 745 decebat,
791 707 886 733 cum
927 695 1088 733 armato
1123 693 1261 734 vivere
1293 692 1502 734 adsuetae.

149 751 210 792 Ex
244 751 310 791 his
343 766 444 805 una,
477 751 625 805 Thais,
661 755 703 793 et
735 752 827 806 ipsa
860 753 1092 793 temulenta
1131 752 1359 793 maximam
1391 751 1504 807 apud
1526 770 1558 793 ιο

145 825 292 852 omnes
327 810 512 854 Graecos
552 811 758 853 initurum
798 812 980 867 gratiam
1014 812 1229 865 adfirmat,
1275 812 1307 852 si
1343 812 1503 868 regiam

142 869 368 911 Persarum
403 871 597 912 iussisset
628 871 815 913 incendi:
849 874 1071 925 expectare
1098 871 1179 912 hoc
1206 886 1290 925 eOS,
1323 886 1503 925 quorum

143 929 270 970 urbes
292 930 458 971 barbari
482 930 702 971 delessent.
749 929 883 972 Ebrio
905 934 1046 972 scorto
1069 931 1119 972 de
1139 934 1258 972 tanta
1278 946 1322 972 re
1341 931 1503 972 ferente

145 990 401 1030 sententiam
435 1005 543 1030 unus
577 990 695 1044 alter,
728 994 769 1031 et
798 990 879 1044 ipsi
907 1005 1024 1032 mero
1053 991 1228 1044 onerati,
1261 991 1503 1032 adsentiun—

144 1053 224 1090 tur.
289 1048 379 1090 Rex
414 1064 583 1103 quoque
616 1049 781 1091 avidior
814 1049 901 1090 vini
934 1065 1062 1105 quam
1094 1049 1341 1104 patientior:
1377 1049 1502 1099 ‘Quin
1527 1066 1558 1090 15

146 1109 277 1164 igitur
321 1109 567 1150 ulciscimur
600 1108 820 1151 Graeciam
866 1112 908 1150 et
953 1110 1048 1151 urbi
1086 1110 1200 1151 faces
1239 1109 1502 1151 subdimus?

146 1166 302 1209 Omnes
336 1168 600 1210 mtealuerant
632 1183 767 1211 mero:
808 1170 951 1223 itaque
985 1172 1164 1225 surgunt
1198 1169 1420 1211 temulenti
1454 1168 1506 1209 ad

146 1227 448 1269 incendendam
490 1229 657 1281 urbem,
703 1229 770 1270 cui
803 1229 955 1270 armati
987 1231 1274 1283 pepercerant.
1336 1228 1506 1270 Primus

146 1301 218 1327 rex
247 1287 388 1343 ignem
416 1288 555 1344 regiae
584 1288 740 1341 iniecit,
774 1290 865 1330 tum
894 1288 1097 1331 convivae
1123 1292 1165 1330 et
1190 1288 1378 1329 ministri
1405 1287 1506 1342 peli-

145 1360 309 1400 cesque.
361 1347 498 1388 Multa
525 1348 648 1389 cedro
669 1347 892 1389 aedificata
913 1351 1002 1389 erat
1023 1349 1152 1401 regia,
1184 1362 1291 1402 quae
1312 1348 1507 1389 celeriter
1527 1363 1560 1386 -20

146 1406 244 1460 igne
283 1411 489 1460 concepto
528 1407 613 1448 late
651 1407 763 1448 fudit
805 1408 1058 1450 incendium.
1124 1407 1246 1457 Quod
1288 1408 1359 1449 ubi
1391 1422 1505 1449 exer-

148 1466 275 1517 citus,
317 1466 389 1519 qui
425 1466 536 1508 haud
570 1467 719 1521 procul
753 1466 855 1508 urbe
888 1467 1106 1518 tendebat,
1152 1468 1389 1520 conspexit.
1423 1467 1505 1508 for-

147 1526 301 1566 tuitum
338 1528 454 1567 ratus
488 1526 540 1567 ad
573 1541 699 1580 opem
733 1526 948 1568 terendam
983 1527 1207 1568 concurrit.
1260 1526 1342 1567 Sed
1376 1531 1422 1567 ut
1454 1526 1505 1567 ad

147 1584 408 1626 vestibulum
440 1586 580 1641 regiae
616 1588 788 1627 ventum
820 1590 895 1639 est,
929 1586 1074 1627 vident
1100 1601 1242 1641 regem
1270 1586 1410 1640 ipsum
1437 1586 1504 1627 ad·

147 1644 228 1684 huc
274 1648 545 1699 aggerentem
594 1647 716 1687 faces.
793 1645 962 1687 Omissa
1001 1646 1151 1700 igitur,
1199 1660 1324 1699 quam
1366 1648 1560 1699 porta-25

147 1707 306 1756 verant,
339 1719 448 1758 aqua
480 1705 559 1758 ipsi
595 1705 757 1746 aridam
793 1706 1012 1746 materiem
1041 1706 1081 1746 in
1107 1704 1348 1747 incendium
1373 1705 1506 1747 iacere

149 1767 391 1816 coeperunt.

267 1822 393 1864 Hunc
435 1824 594 1864 exitum
639 1823 790 1864 habuit
831 1824 946 1879 regia
980 1824 1113 1865 totius
1146 1822 1352 1871 Orientis,
1397 1822 1507 1864 unde
1528 1824 1577 1858 23

146 1884 214 1924 tot
244 1885 392 1937 gentes
425 1886 549 1924 antea
582 1884 673 1924 iura
705 1883 918 1937 petebant,
951 1883 1087 1937 patria
1120 1887 1185 1924 tot
1215 1897 1378 1938 regum,
1415 1883 1507 1923 uni-

149 1955 221 1982 cus
268 1942 480 1995 quondam
529 1941 727 1984 Graeciae
772 1946 927 1986 terror.
980 1943 1126 1983 molita
1172 1943 1289 1983 mille
1334 1942 1504 1983 navium
1526 1958 1560 1983 ³0

245 2039 264 2067 4
292 2034 470 2081 foedavit]
498 2035 643 2069 sedauit
669 2040 701 2069 c.
779 2039 797 2068 9
819 2035 1007 2081 licentius]
1025 2035 1224 2069 lim-entius
1239 2038 1278 2068 V.
1358 2038 1398 2068 14
1421 2046 1506 2069 one-

150 2083 239 2127 rati]
261 2083 429 2117 honorati
446 2087 479 2116 P.
567 2087 608 2116 15
631 2083 705 2117 n'ni
734 2083 973 2118 Cornelissen:
1001 2082 1073 2116 fuit
1099 2085 1138 2115 Δ.
1225 2086 1266 2116 16
1295 2081 1505 2127 Graeciam]

149 2130 306 2174 gretiam
328 2134 397 2166 LP.
475 2134 516 2164 19
538 2130 661 2175 regiae
682 2130 822 2172 iniecit,
843 2133 921 2164 tum
944 2130 1116 2163 com-ivae
1139 2132 1175 2163 et
1196 2129 1354 2163 ministri
1377 2141 1442 2163 om.
1465 2133 1504 2163 V.

150 2181 194 2209 *2¹*
222 2178 433 2223 aedificata]
461 2177 658 2212 oedificata
684 2182 718 2211 P.
849 2178 944 2223 erat]
979 2180 1102 2211 era-t*
1135 2181 1170 2210 P.
1306 2177 1423 2222 regia]
1452 2189 1504 2211 re-

151 2225 250 2269 giam
278 2228 302 2258 B
327 2240 366 2258 m.
384 2237 441 2269 pr.
465 2229 537 2259 FV.
625 2230 664 2259 :21
695 2225 891 2270 exercitus]
920 2229 1087 2259 exemtus
1108 2228 1142 2258 P.
1229 2230 1270 2257 23
1301 2225 1504 2269 ferendam]

150 2272 300 2306 feudum
327 2276 492 2317 1’1›1.pr.
593 2277 636 2306 ‘25
670 2273 925 2318 aggerentem]
959 2274 1197 2317 aggerantem
1227 2275 1259 2305 C.
1363 2276 1404 2305 26
1434 2272 1504 2315 ipsi

151 2320 355 2355 Bentlci'us:
395 2321 472 2365 igni
499 2324 538 2354 A.
638 2324 692 2355 28.
721 2320 869 2365 habuit]
896 2320 999 2353 abuit
1027 2323 1061 2353 L.
1163 2320 1292 2365 totius]
1320 2319 1438 2353 tocius
1465 2323 1504 2352 V.

151 2371 196 2399 :w
224 2366 417 2414 Gra-viae]
444 2368 585 2410 gratiae
612 2372 647 2402 1..
749 2367 849 2402 inille
871 2371 902 2401 1:
945 2380 969 2400 κ
998 2370 1106 2406 BFL,
1146 2372 1173 2400 ‘oc'
1200 2371 1236 2403 P.
1263 2379 1327 2400 nm.
1351 2370 1390 2399 V.
