<?xml version="1.0" encoding="UTF-8"?>
<!DOCTYPE html PUBLIC "-//W3C//DTD XHTML 1.0 Transitional//EN"
    "http://www.w3.org/TR/xhtml1/DTD/xhtml1-transitional.dtd">
<html xmlns="http://www.w3.org/1999/xhtml" xml:lang="en" lang="en">
 <head>
  <title>
</title>
<meta http-equiv="Content-Type" content="text/html;charset=utf-8" />
  <meta name='ocr-system' content='tesseract 3.04.00' />
  <meta name='ocr-capabilities' content='ocr_page ocr_carea ocr_par ocr_line ocrx_word'/>
</head>
<body>
  <div class='ocr_page' id='page_1' title='image "./historiaealexand00curtuoft_0309.png"; bbox 0 0 1610 2522; ppageno 0'>
   <div class='ocr_carea' id='block_1_1' title="bbox 319 99 1458 141">
    <p class='ocr_par' dir='ltr' id='par_1_1' title="bbox 319 99 1458 141">
     <span class='ocr_line' id='line_1_1' title="bbox 319 99 1458 141; baseline -0.005 -3"><span class='ocrx_word' id='word_1_1' title='bbox 319 102 654 138; x_wconf 76' lang='lat' dir='ltr'><strong>HISTORIARUM</strong></span> <span class='ocrx_word' id='word_1_2' title='bbox 680 101 964 136; x_wconf 73' lang='lat' dir='ltr'><strong>ALEXANDRI</strong></span> <span class='ocrx_word' id='word_1_3' title='bbox 996 101 1088 141; x_wconf 78' lang='lat' dir='ltr'><strong>VIII,</strong></span> <span class='ocrx_word' id='word_1_4' title='bbox 1118 105 1171 134; x_wconf 91' lang='lat'><strong>11.</strong></span> <span class='ocrx_word' id='word_1_5' title='bbox 1196 105 1248 134; x_wconf 80' lang='lat'><strong>12.</strong></span> <span class='ocrx_word' id='word_1_6' title='bbox 1373 99 1458 140; x_wconf 72' lang='grc'><strong>295</strong></span> 
     </span>
    </p>
   </div>
   <div class='ocr_carea' id='block_1_2' title="bbox 105 208 1460 446">
    <p class='ocr_par' dir='ltr' id='par_1_2' title="bbox 105 208 1460 446">
     <span class='ocr_line' id='line_1_2' title="bbox 106 208 1458 263; baseline -0.004 -9"><span class='ocrx_word' id='word_1_7' title='bbox 106 214 292 255; x_wconf 79' lang='lat' dir='ltr'><strong>obsideri</strong></span> <span class='ocrx_word' id='word_1_8' title='bbox 325 225 386 254; x_wconf 82' lang='lat' dir='ltr'><strong>xx</strong></span> <span class='ocrx_word' id='word_1_9' title='bbox 419 212 592 253; x_wconf 88' lang='lat' dir='ltr'><strong>milibus</strong></span> <span class='ocrx_word' id='word_1_10' title='bbox 625 214 886 252; x_wconf 83' lang='lat' dir='ltr'><strong>armatorum</strong></span> <span class='ocrx_word' id='word_1_11' title='bbox 920 210 972 250; x_wconf 83' lang='lat' dir='ltr'><strong>ab</strong></span> <span class='ocrx_word' id='word_1_12' title='bbox 992 209 1117 250; x_wconf 83' lang='lat' dir='ltr'><strong>Erice</strong></span> <span class='ocrx_word' id='word_1_13' title='bbox 1151 208 1333 263; x_wconf 87' lang='lat' dir='ltr'><strong>quodam</strong></span> <span class='ocrx_word' id='word_1_14' title='bbox 1362 222 1458 248; x_wconf 88' lang='lat' dir='ltr'><strong>con-</strong></span> 
     </span>
     <span class='ocr_line' id='line_1_3' title="bbox 106 267 1458 328; baseline -0.005 -14"><span class='ocrx_word' id='word_1_15' title='bbox 106 274 302 328; x_wconf 86' lang='lat' dir='ltr'><strong>perisset,</strong></span> <span class='ocrx_word' id='word_1_16' title='bbox 359 271 528 327; x_wconf 83' lang='lat' dir='ltr'><strong>gravius</strong></span> <span class='ocrx_word' id='word_1_17' title='bbox 583 285 736 327; x_wconf 89' lang='lat' dir='ltr'><strong>agmon</strong></span> <span class='ocrx_word' id='word_1_18' title='bbox 780 270 989 310; x_wconf 79' lang='lat' dir='ltr'><strong>exercitus</strong></span> <span class='ocrx_word' id='word_1_19' title='bbox 1035 268 1174 310; x_wconf 84' lang='lat' dir='ltr'><strong>Coeno</strong></span> <span class='ocrx_word' id='word_1_20' title='bbox 1221 267 1458 309; x_wconf 88' lang='lat' dir='ltr'><strong>ducendum</strong></span> 
     </span>
     <span class='ocr_line' id='line_1_4' title="bbox 105 326 1460 383; baseline -0.005 -10"><span class='ocrx_word' id='word_1_21' title='bbox 105 332 282 373; x_wconf 83' lang='lat' dir='ltr'><strong>modicis</strong></span> <span class='ocrx_word' id='word_1_22' title='bbox 324 331 548 372; x_wconf 72' lang='lat' dir='ltr'><strong>itineribus</strong></span> <span class='ocrx_word' id='word_1_23' title='bbox 586 330 779 382; x_wconf 86' lang='lat' dir='ltr'><strong>tradidit,</strong></span> <span class='ocrx_word' id='word_1_24' title='bbox 831 331 920 383; x_wconf 83' lang='lat' dir='ltr'><strong>ipse</strong></span> <span class='ocrx_word' id='word_1_25' title='bbox 960 342 1232 383; x_wconf 85' lang='lat' dir='ltr'><strong>praegressus</strong></span> <span class='ocrx_word' id='word_1_26' title='bbox 1264 342 1335 380; x_wconf 76' lang='lat' dir='ltr'><strong>per</strong></span> <span class='ocrx_word' id='word_1_27' title='bbox 1367 326 1460 366; x_wconf 82' lang='lat' dir='ltr'><strong>fun-</strong></span> 
     </span>
     <span class='ocr_line' id='line_1_5' title="bbox 107 386 1459 446; baseline -0.005 -14"><span class='ocrx_word' id='word_1_28' title='bbox 107 392 265 432; x_wconf 76' lang='lat' dir='ltr'><strong>ditores</strong></span> <span class='ocrx_word' id='word_1_29' title='bbox 293 406 339 432; x_wconf 89' lang='lat' dir='ltr'><strong>ac</strong></span> <span class='ocrx_word' id='word_1_30' title='bbox 366 391 613 446; x_wconf 85' lang='lat' dir='ltr'><strong>sagittarios</strong></span> <span class='ocrx_word' id='word_1_31' title='bbox 640 390 887 439; x_wconf 88' lang='lat' dir='ltr'><strong>deturbatis,</strong></span> <span class='ocrx_word' id='word_1_32' title='bbox 916 388 988 443; x_wconf 88' lang='lat' dir='ltr'><strong>qui</strong></span> <span class='ocrx_word' id='word_1_33' title='bbox 1015 388 1268 429; x_wconf 74' lang='lat' dir='ltr'>obsederant</span> <span class='ocrx_word' id='word_1_34' title='bbox 1290 386 1459 440; x_wconf 87' lang='lat' dir='ltr'><strong>saltum,</strong></span> 
     </span>
    </p>
   </div>
   <div class='ocr_carea' id='block_1_3' title="bbox 1487 338 1505 356">
    <p class='ocr_par' dir='ltr' id='par_1_3' title="bbox 1487 338 1505 356">
     <span class='ocr_line' id='line_1_6' title="bbox 1487 338 1505 356; baseline 0 0"><span class='ocrx_word' id='word_1_35' title='bbox 1487 338 1505 356; x_wconf 62' lang='grc' dir='ltr'>ἢ</span> 
     </span>
    </p>
   </div>
   <div class='ocr_carea' id='block_1_4' title="bbox 1489 358 1505 366">
    <p class='ocr_par' dir='ltr' id='par_1_4' title="bbox 1489 358 1505 366">
     <span class='ocr_line' id='line_1_7' title="bbox 1489 358 1505 366; baseline 0 0"><span class='ocrx_word' id='word_1_36' title='bbox 1489 358 1505 366; x_wconf 73' lang='lat' dir='ltr'><strong>—a</strong></span> 
     </span>
    </p>
   </div>
   <div class='ocr_carea' id='block_1_5' title="bbox 71 446 1506 505">
    <p class='ocr_par' dir='ltr' id='par_1_5' title="bbox 71 446 1506 505">
     <span class='ocr_line' id='line_1_8' title="bbox 71 446 1506 505; baseline -0.006 -12"><span class='ocrx_word' id='word_1_37' title='bbox 71 469 86 494; x_wconf 88' lang='lat'>5</span> <span class='ocrx_word' id='word_1_38' title='bbox 107 451 384 505; x_wconf 75' lang='lat' dir='ltr'><strong>sequentibus</strong></span> <span class='ocrx_word' id='word_1_39' title='bbox 418 465 462 491; x_wconf 93' lang='lat' dir='ltr'><strong>se</strong></span> <span class='ocrx_word' id='word_1_40' title='bbox 494 450 626 503; x_wconf 89' lang='lat' dir='ltr'><strong>copiis</strong></span> <span class='ocrx_word' id='word_1_41' title='bbox 660 450 770 490; x_wconf 82' lang='lat' dir='ltr'><strong>viam</strong></span> <span class='ocrx_word' id='word_1_42' title='bbox 801 448 913 489; x_wconf 86' lang='lat' dir='ltr'><strong>fecit.</strong></span> <span class='ocrx_word' id='word_1_43' title='bbox 964 446 1058 488; x_wconf 88' lang='lat' dir='ltr'><strong>Indi</strong></span> <span class='ocrx_word' id='word_1_44' title='bbox 1094 448 1182 488; x_wconf 81' lang='lat' dir='ltr'><strong>sive</strong></span> <span class='ocrx_word' id='word_1_45' title='bbox 1210 446 1306 487; x_wconf 92' lang='lat' dir='ltr'><strong>odio</strong></span> <span class='ocrx_word' id='word_1_46' title='bbox 1342 446 1459 486; x_wconf 87' lang='lat' dir='ltr'><strong>ducis</strong></span> <span class='ocrx_word' id='word_1_47' title='bbox 1488 456 1506 485; x_wconf 81' lang='lat'><strong>3</strong></span> 
     </span>
    </p>
   </div>
   <div class='ocr_carea' id='block_1_6' title="bbox 38 752 87 787">
    <p class='ocr_par' dir='ltr' id='par_1_6' title="bbox 38 752 87 787">
     <span class='ocr_line' id='line_1_9' title="bbox 38 752 87 787; baseline 0 0"><span class='ocrx_word' id='word_1_48' title='bbox 38 752 87 787; x_wconf 75' lang='lat'><strong>42</strong></span> 
     </span>
    </p>
   </div>
   <div class='ocr_carea' id='block_1_7' title="bbox 58 828 87 851">
    <p class='ocr_par' dir='ltr' id='par_1_7' title="bbox 58 828 87 851">
     <span class='ocr_line' id='line_1_10' title="bbox 58 828 87 851; baseline 0 0"><span class='ocrx_word' id='word_1_49' title='bbox 58 828 87 851; x_wconf 85' lang='lat'><strong>11</strong></span> 
     </span>
    </p>
   </div>
   <div class='ocr_carea' id='block_1_8' title="bbox 59 1064 90 1089">
    <p class='ocr_par' dir='ltr' id='par_1_8' title="bbox 59 1064 90 1089">
     <span class='ocr_line' id='line_1_11' title="bbox 59 1064 90 1089; baseline 0 0"><span class='ocrx_word' id='word_1_50' title='bbox 59 1064 90 1089; x_wconf 86' lang='lat'><strong>15</strong></span> 
     </span>
    </p>
   </div>
   <div class='ocr_carea' id='block_1_9' title="bbox 61 1361 94 1386">
    <p class='ocr_par' dir='ltr' id='par_1_9' title="bbox 61 1361 94 1386">
     <span class='ocr_line' id='line_1_12' title="bbox 61 1361 94 1386; baseline 0 0"><span class='ocrx_word' id='word_1_51' title='bbox 61 1361 94 1386; x_wconf 81' lang='lat'><strong>20</strong></span> 
     </span>
    </p>
   </div>
   <div class='ocr_carea' id='block_1_10' title="bbox 63 1657 95 1682">
    <p class='ocr_par' dir='ltr' id='par_1_10' title="bbox 63 1657 95 1682">
     <span class='ocr_line' id='line_1_13' title="bbox 63 1657 95 1682; baseline 0 0"><span class='ocrx_word' id='word_1_52' title='bbox 63 1657 95 1682; x_wconf 78' lang='lat'><strong>25</strong></span> 
     </span>
    </p>
   </div>
   <div class='ocr_carea' id='block_1_11' title="bbox 108 504 1462 744">
    <p class='ocr_par' dir='ltr' id='par_1_11' title="bbox 108 504 1462 744">
     <span class='ocr_line' id='line_1_14' title="bbox 108 504 1459 565; baseline -0.004 -14"><span class='ocrx_word' id='word_1_53' title='bbox 108 511 196 551; x_wconf 80' lang='lat' dir='ltr'><strong>sive</strong></span> <span class='ocrx_word' id='word_1_54' title='bbox 236 510 417 565; x_wconf 75' lang='lat' dir='ltr'><strong>gratiam</strong></span> <span class='ocrx_word' id='word_1_55' title='bbox 455 509 630 551; x_wconf 86' lang='lat' dir='ltr'><strong>victoris</strong></span> <span class='ocrx_word' id='word_1_56' title='bbox 672 509 819 549; x_wconf 90' lang='lat' dir='ltr'><strong>inituri</strong></span> <span class='ocrx_word' id='word_1_57' title='bbox 854 508 1007 548; x_wconf 83' lang='lat' dir='ltr'><strong>Ericen</strong></span> <span class='ocrx_word' id='word_1_58' title='bbox 1043 507 1279 562; x_wconf 83' lang='lat' dir='ltr'><strong>fugientem</strong></span> <span class='ocrx_word' id='word_1_59' title='bbox 1321 504 1459 546; x_wconf 90' lang='lat' dir='ltr'><strong>adorti</strong></span> 
     </span>
     <span class='ocr_line' id='line_1_15' title="bbox 108 565 1460 622; baseline -0.005 -11"><span class='ocrx_word' id='word_1_60' title='bbox 108 571 414 611; x_wconf 81' lang='lat' dir='ltr'><strong>interemerunt</strong></span> <span class='ocrx_word' id='word_1_61' title='bbox 446 572 656 622; x_wconf 86' lang='lat' dir='ltr'><strong>caputque</strong></span> <span class='ocrx_word' id='word_1_62' title='bbox 686 568 775 608; x_wconf 90' lang='lat' dir='ltr'><strong>eius</strong></span> <span class='ocrx_word' id='word_1_63' title='bbox 801 570 929 621; x_wconf 84' lang='lat' dir='ltr'><strong>atque</strong></span> <span class='ocrx_word' id='word_1_64' title='bbox 955 581 1072 607; x_wconf 88' lang='lat' dir='ltr'><strong>arma</strong></span> <span class='ocrx_word' id='word_1_65' title='bbox 1098 566 1149 606; x_wconf 87' lang='lat' dir='ltr'><strong>ad</strong></span> <span class='ocrx_word' id='word_1_66' title='bbox 1171 565 1460 606; x_wconf 78' lang='lat' dir='ltr'><strong>Alexandrum</strong></span> 
     </span>
     <span class='ocr_line' id='line_1_16' title="bbox 108 623 1462 681; baseline -0.004 -11"><span class='ocrx_word' id='word_1_67' title='bbox 108 629 363 670; x_wconf 90' lang='lat' dir='ltr'><strong>detulerunt.</strong></span> <span class='ocrx_word' id='word_1_68' title='bbox 424 627 500 669; x_wconf 89' lang='lat' dir='ltr'><strong>Ille</strong></span> <span class='ocrx_word' id='word_1_69' title='bbox 533 628 645 668; x_wconf 84' lang='lat' dir='ltr'><strong>facto</strong></span> <span class='ocrx_word' id='word_1_70' title='bbox 680 627 964 681; x_wconf 82' lang='lat' dir='ltr'><strong>inpunitatem</strong></span> <span class='ocrx_word' id='word_1_71' title='bbox 997 626 1124 679; x_wconf 90' lang='lat' dir='ltr'><strong>dedit,</strong></span> <span class='ocrx_word' id='word_1_72' title='bbox 1155 625 1362 665; x_wconf 85' lang='lat' dir='ltr'><strong>honorem</strong></span> <span class='ocrx_word' id='word_1_73' title='bbox 1395 623 1462 664; x_wconf 91' lang='lat' dir='ltr'><strong>de-</strong></span> 
     </span>
     <span class='ocr_line' id='line_1_17' title="bbox 108 689 516 744; baseline -0.002 -15"><span class='ocrx_word' id='word_1_74' title='bbox 108 690 280 744; x_wconf 77' lang='lat' dir='ltr'><strong>negavit</strong></span> <span class='ocrx_word' id='word_1_75' title='bbox 312 689 516 742; x_wconf 82' lang='lat' dir='ltr'><strong>exemplo.</strong></span> 
     </span>
    </p>
   </div>
   <div class='ocr_carea' id='block_1_12' title="bbox 199 743 1509 796">
    <p class='ocr_par' dir='ltr' id='par_1_12' title="bbox 199 743 1509 796">
     <span class='ocr_line' id='line_1_18' title="bbox 199 743 1509 796; baseline -0.005 -7"><span class='ocrx_word' id='word_1_76' title='bbox 199 747 311 789; x_wconf 89' lang='lat' dir='ltr'><strong>Hinc</strong></span> <span class='ocrx_word' id='word_1_77' title='bbox 350 747 401 788; x_wconf 88' lang='lat' dir='ltr'><strong>ad</strong></span> <span class='ocrx_word' id='word_1_78' title='bbox 440 747 599 787; x_wconf 87' lang='lat' dir='ltr'><strong>flumen</strong></span> <span class='ocrx_word' id='word_1_79' title='bbox 630 745 783 786; x_wconf 87' lang='lat' dir='ltr'><strong>Indum</strong></span> <span class='ocrx_word' id='word_1_80' title='bbox 823 745 1144 786; x_wconf 74' lang='lat' dir='ltr'><strong>sextisdecumis</strong></span> <span class='ocrx_word' id='word_1_81' title='bbox 1184 743 1333 785; x_wconf 84' lang='lat' dir='ltr'><strong>castris</strong></span> <span class='ocrx_word' id='word_1_82' title='bbox 1372 757 1463 796; x_wconf 86' lang='lat' dir='ltr'><strong>per·</strong></span> <span class='ocrx_word' id='word_1_83' title='bbox 1489 754 1509 782; x_wconf 77' lang='lat'>4</span> 
     </span>
    </p>
   </div>
   <div class='ocr_carea' id='block_1_13' title="bbox 108 803 1470 1870">
    <p class='ocr_par' dir='ltr' id='par_1_13' title="bbox 108 803 1470 1870">
     <span class='ocr_line' id='line_1_19' title="bbox 108 803 1460 861; baseline -0.004 -13"><span class='ocrx_word' id='word_1_84' title='bbox 108 808 226 848; x_wconf 85' lang='lat' dir='ltr'><strong>venit</strong></span> <span class='ocrx_word' id='word_1_85' title='bbox 258 808 501 861; x_wconf 80' lang='lat' dir='ltr'><strong>omniaque,</strong></span> <span class='ocrx_word' id='word_1_86' title='bbox 540 809 586 846; x_wconf 90' lang='lat' dir='ltr'><strong>ut</strong></span> <span class='ocrx_word' id='word_1_87' title='bbox 618 807 906 859; x_wconf 77' lang='lat' dir='ltr'><strong>praeceperat,</strong></span> <span class='ocrx_word' id='word_1_88' title='bbox 945 804 998 844; x_wconf 91' lang='lat' dir='ltr'><strong>ad</strong></span> <span class='ocrx_word' id='word_1_89' title='bbox 1030 803 1311 844; x_wconf 88' lang='lat' dir='ltr'><strong>traiciendum</strong></span> <span class='ocrx_word' id='word_1_90' title='bbox 1344 816 1460 856; x_wconf 86' lang='lat' dir='ltr'><strong>prae-</strong></span> 
     </span>
     <span class='ocr_line' id='line_1_20' title="bbox 108 862 1463 922; baseline -0.004 -15"><span class='ocrx_word' id='word_1_91' title='bbox 108 869 257 922; x_wconf 83' lang='lat' dir='ltr'><strong>parata</strong></span> <span class='ocrx_word' id='word_1_92' title='bbox 289 866 343 907; x_wconf 88' lang='lat' dir='ltr'><strong>ab</strong></span> <span class='ocrx_word' id='word_1_93' title='bbox 378 865 693 920; x_wconf 87' lang='lat' dir='ltr'><strong>Hephaestione</strong></span> <span class='ocrx_word' id='word_1_94' title='bbox 726 864 924 918; x_wconf 87' lang='lat' dir='ltr'><strong>repperit.</strong></span> <span class='ocrx_word' id='word_1_95' title='bbox 987 863 1213 918; x_wconf 79' lang='lat' dir='ltr'><strong>Regnabat</strong></span> <span class='ocrx_word' id='word_1_96' title='bbox 1245 862 1290 902; x_wconf 87' lang='lat' dir='ltr'><strong>in</strong></span> <span class='ocrx_word' id='word_1_97' title='bbox 1322 877 1370 902; x_wconf 90' lang='lat' dir='ltr'><strong>ea</strong></span> <span class='ocrx_word' id='word_1_98' title='bbox 1403 876 1463 902; x_wconf 92' lang='lat' dir='ltr'><strong>re-</strong></span> 
     </span>
     <span class='ocr_line' id='line_1_21' title="bbox 110 921 1461 981; baseline -0.004 -14"><span class='ocrx_word' id='word_1_99' title='bbox 110 926 235 981; x_wconf 88' lang='lat' dir='ltr'><strong>gione</strong></span> <span class='ocrx_word' id='word_1_100' title='bbox 257 924 446 980; x_wconf 78' lang='lat' dir='ltr'><strong>Omphis,</strong></span> <span class='ocrx_word' id='word_1_101' title='bbox 481 926 553 979; x_wconf 89' lang='lat' dir='ltr'><strong>qui</strong></span> <span class='ocrx_word' id='word_1_102' title='bbox 586 924 696 979; x_wconf 84' lang='lat' dir='ltr'><strong>patri</strong></span> <span class='ocrx_word' id='word_1_103' title='bbox 730 938 898 978; x_wconf 90' lang='lat' dir='ltr'><strong>quoque</strong></span> <span class='ocrx_word' id='word_1_104' title='bbox 932 923 1070 963; x_wconf 87' lang='lat' dir='ltr'><strong>fuerat</strong></span> <span class='ocrx_word' id='word_1_105' title='bbox 1105 925 1253 963; x_wconf 79' lang='lat' dir='ltr'><strong>auctor</strong></span> <span class='ocrx_word' id='word_1_106' title='bbox 1285 921 1461 962; x_wconf 77' lang='lat' dir='ltr'><strong>dedendi</strong></span> 
     </span>
     <span class='ocr_line' id='line_1_22' title="bbox 110 981 1464 1040; baseline -0.004 -14"><span class='ocrx_word' id='word_1_107' title='bbox 110 1000 288 1040; x_wconf 85' lang='lat' dir='ltr'><strong>regnum</strong></span> <span class='ocrx_word' id='word_1_108' title='bbox 327 984 570 1026; x_wconf 84' lang='lat' dir='ltr'><strong>Alexandro</strong></span> <span class='ocrx_word' id='word_1_109' title='bbox 613 987 653 1025; x_wconf 91' lang='lat' dir='ltr'><strong>et</strong></span> <span class='ocrx_word' id='word_1_110' title='bbox 697 986 794 1037; x_wconf 90' lang='lat' dir='ltr'><strong>post</strong></span> <span class='ocrx_word' id='word_1_111' title='bbox 837 985 1019 1024; x_wconf 84' lang='lat' dir='ltr'><strong>mortem</strong></span> <span class='ocrx_word' id='word_1_112' title='bbox 1064 982 1253 1036; x_wconf 85' lang='lat' dir='ltr'><strong>parentis</strong></span> <span class='ocrx_word' id='word_1_113' title='bbox 1298 981 1464 1036; x_wconf 84' lang='lat' dir='ltr'><strong>legatos</strong></span> 
     </span>
     <span class='ocr_line' id='line_1_23' title="bbox 111 1041 1466 1099; baseline -0.004 -13"><span class='ocrx_word' id='word_1_114' title='bbox 111 1046 298 1099; x_wconf 88' lang='lat' dir='ltr'><strong>miserat,</strong></span> <span class='ocrx_word' id='word_1_115' title='bbox 332 1045 403 1099; x_wconf 87' lang='lat' dir='ltr'><strong>qui</strong></span> <span class='ocrx_word' id='word_1_116' title='bbox 433 1043 702 1085; x_wconf 79' lang='lat' dir='ltr'><strong>consulerent</strong></span> <span class='ocrx_word' id='word_1_117' title='bbox 728 1058 836 1097; x_wconf 88' lang='lat' dir='ltr'><strong>eum,</strong></span> <span class='ocrx_word' id='word_1_118' title='bbox 866 1056 1042 1097; x_wconf 87' lang='lat' dir='ltr'><strong>regnare</strong></span> <span class='ocrx_word' id='word_1_119' title='bbox 1070 1056 1113 1082; x_wconf 89' lang='lat' dir='ltr'><strong>se</strong></span> <span class='ocrx_word' id='word_1_120' title='bbox 1140 1042 1310 1082; x_wconf 86' lang='lat' dir='ltr'><strong>interim</strong></span> <span class='ocrx_word' id='word_1_121' title='bbox 1338 1041 1466 1081; x_wconf 78' lang='lat' dir='ltr'><strong>vellet</strong></span> 
     </span>
     <span class='ocr_line' id='line_1_24' title="bbox 112 1100 1466 1158; baseline -0.004 -13"><span class='ocrx_word' id='word_1_122' title='bbox 112 1120 163 1145; x_wconf 86' lang='lat' dir='ltr'><strong>an</strong></span> <span class='ocrx_word' id='word_1_123' title='bbox 209 1105 422 1158; x_wconf 83' lang='lat' dir='ltr'><strong>privatum</strong></span> <span class='ocrx_word' id='word_1_124' title='bbox 468 1103 650 1158; x_wconf 89' lang='lat' dir='ltr'><strong>opperiri</strong></span> <span class='ocrx_word' id='word_1_125' title='bbox 699 1103 788 1143; x_wconf 86' lang='lat' dir='ltr'><strong>eius</strong></span> <span class='ocrx_word' id='word_1_126' title='bbox 833 1102 1072 1142; x_wconf 81' lang='lat' dir='ltr'><strong>adventum.</strong></span> <span class='ocrx_word' id='word_1_127' title='bbox 1153 1100 1466 1153; x_wconf 71' lang='lat' dir='ltr'><strong>Pei-missoque,</strong></span> 
     </span>
     <span class='ocr_line' id='line_1_25' title="bbox 111 1159 1464 1218; baseline -0.004 -14"><span class='ocrx_word' id='word_1_128' title='bbox 111 1167 160 1204; x_wconf 92' lang='lat' dir='ltr'><strong>ut</strong></span> <span class='ocrx_word' id='word_1_129' title='bbox 192 1166 401 1218; x_wconf 81' lang='lat' dir='ltr'><strong>regnaret,</strong></span> <span class='ocrx_word' id='word_1_130' title='bbox 439 1177 525 1203; x_wconf 92' lang='lat' dir='ltr'><strong>non</strong></span> <span class='ocrx_word' id='word_1_131' title='bbox 557 1166 699 1203; x_wconf 88' lang='lat' dir='ltr'><strong>tamen</strong></span> <span class='ocrx_word' id='word_1_132' title='bbox 732 1163 796 1203; x_wconf 85' lang='lat' dir='ltr'><strong>ius</strong></span> <span class='ocrx_word' id='word_1_133' title='bbox 830 1162 977 1202; x_wconf 89' lang='lat' dir='ltr'><strong>datum</strong></span> <span class='ocrx_word' id='word_1_134' title='bbox 1009 1175 1214 1214; x_wconf 87' lang='lat' dir='ltr'><strong>usurpare</strong></span> <span class='ocrx_word' id='word_1_135' title='bbox 1248 1159 1464 1200; x_wconf 89' lang='lat' dir='ltr'><strong>sustinuit.</strong></span> 
     </span>
     <span class='ocr_line' id='line_1_26' title="bbox 111 1218 1466 1278; baseline -0.004 -14"><span class='ocrx_word' id='word_1_136' title='bbox 111 1222 152 1264; x_wconf 89' lang='lat' dir='ltr'><strong>Is</strong></span> <span class='ocrx_word' id='word_1_137' title='bbox 184 1223 367 1278; x_wconf 87' lang='lat' dir='ltr'><strong>benigne</strong></span> <span class='ocrx_word' id='word_1_138' title='bbox 400 1223 570 1276; x_wconf 82' lang='lat' dir='ltr'><strong>quiden]</strong></span> <span class='ocrx_word' id='word_1_139' title='bbox 598 1224 820 1276; x_wconf 80' lang='lat' dir='ltr'><strong>exceperat</strong></span> <span class='ocrx_word' id='word_1_140' title='bbox 839 1220 1199 1275; x_wconf 86' lang='lat' dir='ltr'><strong>Hephaestionem</strong></span> <span class='ocrx_word' id='word_1_141' title='bbox 1231 1218 1466 1274; x_wconf 88' lang='lat' dir='ltr'><strong>gratuitum</strong></span> 
     </span>
     <span class='ocr_line' id='line_1_27' title="bbox 112 1278 1466 1336; baseline -0.004 -13"><span class='ocrx_word' id='word_1_142' title='bbox 112 1283 373 1323; x_wconf 89' lang='lat' dir='ltr'><strong>frumentum</strong></span> <span class='ocrx_word' id='word_1_143' title='bbox 407 1282 540 1336; x_wconf 87' lang='lat' dir='ltr'><strong>copiis</strong></span> <span class='ocrx_word' id='word_1_144' title='bbox 574 1282 663 1322; x_wconf 87' lang='lat' dir='ltr'><strong>eius</strong></span> <span class='ocrx_word' id='word_1_145' title='bbox 697 1281 935 1334; x_wconf 85' lang='lat' dir='ltr'><strong>admensus,</strong></span> <span class='ocrx_word' id='word_1_146' title='bbox 967 1295 1053 1321; x_wconf 92' lang='lat' dir='ltr'><strong>non</strong></span> <span class='ocrx_word' id='word_1_147' title='bbox 1085 1282 1227 1320; x_wconf 88' lang='lat' dir='ltr'><strong>tamen</strong></span> <span class='ocrx_word' id='word_1_148' title='bbox 1261 1278 1298 1319; x_wconf 90' lang='lat' dir='ltr'><strong>ei</strong></span> <span class='ocrx_word' id='word_1_149' title='bbox 1326 1291 1466 1319; x_wconf 90' lang='lat' dir='ltr'><strong>occur-</strong></span> 
     </span>
     <span class='ocr_line' id='line_1_28' title="bbox 114 1336 1467 1395; baseline -0.004 -13"><span class='ocrx_word' id='word_1_150' title='bbox 114 1345 244 1395; x_wconf 88' lang='lat' dir='ltr'><strong>rerat,</strong></span> <span class='ocrx_word' id='word_1_151' title='bbox 288 1357 340 1382; x_wconf 93' lang='lat' dir='ltr'><strong>ne</strong></span> <span class='ocrx_word' id='word_1_152' title='bbox 382 1342 509 1382; x_wconf 88' lang='lat' dir='ltr'><strong>fidem</strong></span> <span class='ocrx_word' id='word_1_153' title='bbox 548 1341 677 1382; x_wconf 78' lang='lat' dir='ltr'><strong>ullius</strong></span> <span class='ocrx_word' id='word_1_154' title='bbox 716 1341 797 1381; x_wconf 91' lang='lat' dir='ltr'><strong>nisi</strong></span> <span class='ocrx_word' id='word_1_155' title='bbox 839 1340 951 1395; x_wconf 88' lang='lat' dir='ltr'><strong>regis</strong></span> <span class='ocrx_word' id='word_1_156' title='bbox 983 1339 1256 1394; x_wconf 76' lang='lat' dir='ltr'><strong>experiretur.</strong></span> <span class='ocrx_word' id='word_1_157' title='bbox 1318 1336 1467 1391; x_wconf 89' lang='lat' dir='ltr'><strong>Itaque</strong></span> 
     </span>
     <span class='ocr_line' id='line_1_29' title="bbox 112 1396 1467 1453; baseline -0.004 -11"><span class='ocrx_word' id='word_1_158' title='bbox 112 1402 300 1442; x_wconf 87' lang='lat' dir='ltr'><strong>venienti</strong></span> <span class='ocrx_word' id='word_1_159' title='bbox 333 1401 503 1442; x_wconf 74' lang='lat' dir='ltr'><strong>obviarn</strong></span> <span class='ocrx_word' id='word_1_160' title='bbox 537 1415 631 1442; x_wconf 84' lang='lat' dir='ltr'><strong>Cum</strong></span> <span class='ocrx_word' id='word_1_161' title='bbox 659 1403 822 1440; x_wconf 85' lang='lat' dir='ltr'><strong>armato</strong></span> <span class='ocrx_word' id='word_1_162' title='bbox 850 1399 1037 1440; x_wconf 84' lang='lat' dir='ltr'><strong>exercitu</strong></span> <span class='ocrx_word' id='word_1_163' title='bbox 1064 1412 1259 1453; x_wconf 86' lang='lat' dir='ltr'><strong>egressus</strong></span> <span class='ocrx_word' id='word_1_164' title='bbox 1287 1400 1363 1450; x_wconf 87' lang='lat' dir='ltr'><strong>est,</strong></span> <span class='ocrx_word' id='word_1_165' title='bbox 1389 1396 1467 1436; x_wconf 90' lang='lat' dir='ltr'><strong>ele-</strong></span> 
     </span>
     <span class='ocr_line' id='line_1_30' title="bbox 114 1455 1468 1515; baseline -0.004 -14"><span class='ocrx_word' id='word_1_166' title='bbox 114 1460 264 1515; x_wconf 83' lang='lat' dir='ltr'><strong>phanti</strong></span> <span class='ocrx_word' id='word_1_167' title='bbox 304 1474 471 1514; x_wconf 89' lang='lat' dir='ltr'><strong>quoque</strong></span> <span class='ocrx_word' id='word_1_168' title='bbox 510 1475 585 1514; x_wconf 88' lang='lat' dir='ltr'><strong>per</strong></span> <span class='ocrx_word' id='word_1_169' title='bbox 623 1459 788 1500; x_wconf 90' lang='lat' dir='ltr'><strong>modica</strong></span> <span class='ocrx_word' id='word_1_170' title='bbox 830 1459 1053 1499; x_wconf 69' lang='lat' dir='ltr'><strong>intervalla</strong></span> <span class='ocrx_word' id='word_1_171' title='bbox 1086 1457 1273 1498; x_wconf 89' lang='lat' dir='ltr'><strong>militum</strong></span> <span class='ocrx_word' id='word_1_172' title='bbox 1306 1455 1468 1511; x_wconf 89' lang='lat' dir='ltr'><strong>agmini</strong></span> 
     </span>
     <span class='ocr_line' id='line_1_31' title="bbox 115 1515 1466 1573; baseline -0.004 -13"><span class='ocrx_word' id='word_1_173' title='bbox 115 1520 285 1560; x_wconf 81' lang='lat' dir='ltr'><strong>inmixti</strong></span> <span class='ocrx_word' id='word_1_174' title='bbox 312 1520 461 1573; x_wconf 86' lang='lat' dir='ltr'><strong>procul</strong></span> <span class='ocrx_word' id='word_1_175' title='bbox 488 1521 759 1560; x_wconf 88' lang='lat' dir='ltr'><strong>castellorum</strong></span> <span class='ocrx_word' id='word_1_176' title='bbox 786 1519 973 1559; x_wconf 81' lang='lat' dir='ltr'><strong>fecerant</strong></span> <span class='ocrx_word' id='word_1_177' title='bbox 999 1518 1194 1571; x_wconf 86' lang='lat' dir='ltr'><strong>speciem.</strong></span> <span class='ocrx_word' id='word_1_178' title='bbox 1245 1516 1307 1557; x_wconf 91' lang='lat' dir='ltr'><strong>Ac</strong></span> <span class='ocrx_word' id='word_1_179' title='bbox 1328 1515 1466 1570; x_wconf 85' lang='lat' dir='ltr'><strong>primo</strong></span> 
     </span>
     <span class='ocr_line' id='line_1_32' title="bbox 114 1574 1468 1631; baseline -0.004 -12"><span class='ocrx_word' id='word_1_180' title='bbox 114 1578 356 1620; x_wconf 83' lang='lat' dir='ltr'><strong>Alexander</strong></span> <span class='ocrx_word' id='word_1_181' title='bbox 387 1593 472 1619; x_wconf 89' lang='lat' dir='ltr'><strong>non</strong></span> <span class='ocrx_word' id='word_1_182' title='bbox 506 1579 680 1631; x_wconf 86' lang='lat' dir='ltr'><strong>socium,</strong></span> <span class='ocrx_word' id='word_1_183' title='bbox 713 1578 786 1618; x_wconf 90' lang='lat' dir='ltr'><strong>sed</strong></span> <span class='ocrx_word' id='word_1_184' title='bbox 819 1578 985 1618; x_wconf 87' lang='lat' dir='ltr'><strong>hostem</strong></span> <span class='ocrx_word' id='word_1_185' title='bbox 1018 1577 1246 1617; x_wconf 83' lang='lat' dir='ltr'><strong>adventare</strong></span> <span class='ocrx_word' id='word_1_186' title='bbox 1273 1574 1468 1615; x_wconf 87' lang='lat' dir='ltr'><strong>credebat</strong></span> 
     </span>
     <span class='ocr_line' id='line_1_33' title="bbox 116 1634 1470 1692; baseline -0.003 -14"><span class='ocrx_word' id='word_1_187' title='bbox 116 1639 283 1692; x_wconf 86' lang='lat' dir='ltr'><strong>iamque</strong></span> <span class='ocrx_word' id='word_1_188' title='bbox 322 1641 363 1678; x_wconf 90' lang='lat' dir='ltr'><strong>et</strong></span> <span class='ocrx_word' id='word_1_189' title='bbox 402 1638 492 1692; x_wconf 89' lang='lat' dir='ltr'><strong>ipse</strong></span> <span class='ocrx_word' id='word_1_190' title='bbox 531 1653 646 1678; x_wconf 85' lang='lat' dir='ltr'><strong>arma</strong></span> <span class='ocrx_word' id='word_1_191' title='bbox 684 1637 843 1678; x_wconf 87' lang='lat' dir='ltr'><strong>milites</strong></span> <span class='ocrx_word' id='word_1_192' title='bbox 883 1651 1030 1691; x_wconf 87' lang='lat' dir='ltr'><strong>capere</strong></span> <span class='ocrx_word' id='word_1_193' title='bbox 1070 1638 1111 1676; x_wconf 91' lang='lat' dir='ltr'><strong>et</strong></span> <span class='ocrx_word' id='word_1_194' title='bbox 1144 1635 1307 1689; x_wconf 90' lang='lat' dir='ltr'><strong>equites</strong></span> <span class='ocrx_word' id='word_1_195' title='bbox 1341 1634 1470 1675; x_wconf 89' lang='lat' dir='ltr'><strong>disce-</strong></span> 
     </span>
     <span class='ocr_line' id='line_1_34' title="bbox 116 1692 1469 1751; baseline -0.004 -13"><span class='ocrx_word' id='word_1_196' title='bbox 116 1698 213 1738; x_wconf 85' lang='lat' dir='ltr'><strong>dere</strong></span> <span class='ocrx_word' id='word_1_197' title='bbox 246 1698 290 1737; x_wconf 91' lang='lat' dir='ltr'><strong>in</strong></span> <span class='ocrx_word' id='word_1_198' title='bbox 322 1711 480 1738; x_wconf 89' lang='lat' dir='ltr'><strong>cornua</strong></span> <span class='ocrx_word' id='word_1_199' title='bbox 511 1698 692 1737; x_wconf 84' lang='lat' dir='ltr'><strong>iusserat</strong></span> <span class='ocrx_word' id='word_1_200' title='bbox 724 1699 898 1751; x_wconf 83' lang='lat' dir='ltr'><strong>paratus</strong></span> <span class='ocrx_word' id='word_1_201' title='bbox 931 1696 981 1736; x_wconf 88' lang='lat' dir='ltr'><strong>ad</strong></span> <span class='ocrx_word' id='word_1_202' title='bbox 1009 1710 1207 1750; x_wconf 85' lang='lat' dir='ltr'><strong>pugnam.</strong></span> <span class='ocrx_word' id='word_1_203' title='bbox 1260 1693 1318 1735; x_wconf 90' lang='lat' dir='ltr'><strong>At</strong></span> <span class='ocrx_word' id='word_1_204' title='bbox 1338 1692 1469 1734; x_wconf 91' lang='lat' dir='ltr'><strong>Indus</strong></span> 
     </span>
     <span class='ocr_line' id='line_1_35' title="bbox 116 1753 1469 1812; baseline -0.003 -15"><span class='ocrx_word' id='word_1_205' title='bbox 116 1757 287 1812; x_wconf 85' lang='lat' dir='ltr'><strong>cognito</strong></span> <span class='ocrx_word' id='word_1_206' title='bbox 308 1756 587 1798; x_wconf 88' lang='lat' dir='ltr'><strong>Macedonum</strong></span> <span class='ocrx_word' id='word_1_207' title='bbox 620 1771 761 1797; x_wconf 85' lang='lat' dir='ltr'><strong>errore</strong></span> <span class='ocrx_word' id='word_1_208' title='bbox 789 1756 915 1796; x_wconf 87' lang='lat' dir='ltr'><strong>iussis</strong></span> <span class='ocrx_word' id='word_1_209' title='bbox 943 1755 1173 1795; x_wconf 86' lang='lat' dir='ltr'><strong>subsistere</strong></span> <span class='ocrx_word' id='word_1_210' title='bbox 1201 1754 1352 1795; x_wconf 85' lang='lat' dir='ltr'><strong>ceteris</strong></span> <span class='ocrx_word' id='word_1_211' title='bbox 1378 1753 1469 1807; x_wconf 89' lang='lat' dir='ltr'><strong>ipse</strong></span> 
     </span>
     <span class='ocr_line' id='line_1_36' title="bbox 116 1813 1470 1870; baseline -0.004 -13"><span class='ocrx_word' id='word_1_212' title='bbox 116 1816 302 1857; x_wconf 88' lang='lat' dir='ltr'><strong>concitat</strong></span> <span class='ocrx_word' id='word_1_213' title='bbox 336 1831 509 1869; x_wconf 87' lang='lat' dir='ltr'><strong>equum,</strong></span> <span class='ocrx_word' id='word_1_214' title='bbox 543 1831 626 1870; x_wconf 89' lang='lat' dir='ltr'><strong>quo</strong></span> <span class='ocrx_word' id='word_1_215' title='bbox 660 1815 909 1856; x_wconf 85' lang='lat' dir='ltr'><strong>vehebatur:</strong></span> <span class='ocrx_word' id='word_1_216' title='bbox 952 1814 1064 1855; x_wconf 90' lang='lat' dir='ltr'><strong>idem</strong></span> <span class='ocrx_word' id='word_1_217' title='bbox 1096 1813 1338 1854; x_wconf 83' lang='lat' dir='ltr'><strong>Alexander</strong></span> <span class='ocrx_word' id='word_1_218' title='bbox 1369 1826 1470 1866; x_wconf 90' lang='lat' dir='ltr'><strong>quo-</strong></span> 
     </span>
    </p>
   </div>
   <div class='ocr_carea' id='block_1_14' title="bbox 118 1977 1473 2393">
    <p class='ocr_par' dir='ltr' id='par_1_14' title="bbox 118 1977 1473 2393">
     <span class='ocr_line' id='line_1_37' title="bbox 215 1977 1470 2020; baseline -0.005 -6"><span class='ocrx_word' id='word_1_219' title='bbox 215 1986 231 2014; x_wconf 91' lang='grc'>1</span> <span class='ocrx_word' id='word_1_220' title='bbox 260 1993 307 2014; x_wconf 75' lang='lat' dir='ltr'><strong>xx</strong></span> <span class='ocrx_word' id='word_1_221' title='bbox 333 1980 484 2014; x_wconf 87' lang='lat' dir='ltr'><strong>milibus</strong></span> <span class='ocrx_word' id='word_1_222' title='bbox 510 1984 542 2014; x_wconf 85' lang='lat'><strong>1:</strong></span> <span class='ocrx_word' id='word_1_223' title='bbox 577 1993 657 2013; x_wconf 68' lang='lat' dir='ltr'><strong>xxa</strong></span> <span class='ocrx_word' id='word_1_224' title='bbox 678 1983 716 2013; x_wconf 87' lang='lat' dir='ltr'><strong>A.</strong></span> <span class='ocrx_word' id='word_1_225' title='bbox 841 1983 860 2013; x_wconf 78' lang='lat'>2</span> <span class='ocrx_word' id='word_1_226' title='bbox 888 1977 1008 2013; x_wconf 84' lang='lat' dir='ltr'><strong>Coeno</strong></span> <span class='ocrx_word' id='word_1_227' title='bbox 1037 1978 1259 2012; x_wconf 61' lang='lat' dir='ltr'><strong>Frobenius:</strong></span> <span class='ocrx_word' id='word_1_228' title='bbox 1286 1986 1403 2020; x_wconf 87' lang='lat' dir='ltr'><strong>poeno</strong></span> <span class='ocrx_word' id='word_1_229' title='bbox 1430 1978 1470 2009; x_wconf 92' lang='lat' dir='ltr'><strong>A.</strong></span> 
     </span>
     <span class='ocr_line' id='line_1_38' title="bbox 118 2024 1470 2072; baseline -0.004 -10"><span class='ocrx_word' id='word_1_230' title='bbox 118 2031 138 2061; x_wconf 83' lang='lat'><strong>3</strong></span> <span class='ocrx_word' id='word_1_231' title='bbox 158 2040 238 2072; x_wconf 77' lang='lat' dir='ltr'><strong>per</strong></span> <span class='ocrx_word' id='word_1_232' title='bbox 269 2027 476 2062; x_wconf 84' lang='lat' dir='ltr'><strong>funditores</strong></span> <span class='ocrx_word' id='word_1_233' title='bbox 503 2029 708 2062; x_wconf 76' lang='lat' dir='ltr'><strong>Bentleius:</strong></span> <span class='ocrx_word' id='word_1_234' title='bbox 743 2026 950 2060; x_wconf 87' lang='lat' dir='ltr'><strong>funditores</strong></span> <span class='ocrx_word' id='word_1_235' title='bbox 977 2029 1016 2059; x_wconf 85' lang='lat' dir='ltr'><strong>A.</strong></span> <span class='ocrx_word' id='word_1_236' title='bbox 1146 2028 1166 2057; x_wconf 75' lang='lat'>4</span> <span class='ocrx_word' id='word_1_237' title='bbox 1203 2024 1410 2058; x_wconf 82' lang='lat' dir='ltr'><strong>deturbatis</strong></span> <span class='ocrx_word' id='word_1_238' title='bbox 1436 2026 1470 2056; x_wconf 85' lang='lat'><strong>1:</strong></span> 
     </span>
     <span class='ocr_line' id='line_1_39' title="bbox 118 2070 1471 2118; baseline -0.004 -9"><span class='ocrx_word' id='word_1_239' title='bbox 118 2075 292 2109; x_wconf 85' lang='lat' dir='ltr'><strong>deturbat</strong></span> <span class='ocrx_word' id='word_1_240' title='bbox 319 2076 350 2109; x_wconf 88' lang='lat' dir='ltr'><strong>is</strong></span> <span class='ocrx_word' id='word_1_241' title='bbox 378 2079 410 2118; x_wconf 84' lang='lat' dir='ltr'><strong>c,</strong></span> <span class='ocrx_word' id='word_1_242' title='bbox 438 2075 613 2109; x_wconf 88' lang='lat' dir='ltr'><strong>deturbat</strong></span> <span class='ocrx_word' id='word_1_243' title='bbox 639 2074 696 2108; x_wconf 85' lang='lat' dir='ltr'><strong>his</strong></span> <span class='ocrx_word' id='word_1_244' title='bbox 722 2078 757 2107; x_wconf 95' lang='lat' dir='ltr'><strong>P.</strong></span> <span class='ocrx_word' id='word_1_245' title='bbox 881 2073 1103 2107; x_wconf 85' lang='lat' dir='ltr'><strong>obsederant</strong></span> <span class='ocrx_word' id='word_1_246' title='bbox 1132 2073 1291 2107; x_wconf 76' lang='lat' dir='ltr'><strong>Giwzta:</strong></span> <span class='ocrx_word' id='word_1_247' title='bbox 1325 2070 1471 2105; x_wconf 89' lang='lat' dir='ltr'><strong>obside-</strong></span> 
     </span>
     <span class='ocr_line' id='line_1_40' title="bbox 118 2118 1471 2164; baseline -0.004 -8"><span class='ocrx_word' id='word_1_248' title='bbox 118 2125 203 2156; x_wconf 87' lang='lat' dir='ltr'><strong>rant</strong></span> <span class='ocrx_word' id='word_1_249' title='bbox 227 2126 267 2156; x_wconf 91' lang='lat' dir='ltr'><strong>A.</strong></span> <span class='ocrx_word' id='word_1_250' title='bbox 384 2128 402 2156; x_wconf 78' lang='lat'>5</span> <span class='ocrx_word' id='word_1_251' title='bbox 429 2122 511 2156; x_wconf 84' lang='lat' dir='ltr'><strong>Indi</strong></span> <span class='ocrx_word' id='word_1_252' title='bbox 540 2122 758 2156; x_wconf 53' lang='lat' dir='ltr'><strong>Froben‘ius:</strong></span> <span class='ocrx_word' id='word_1_253' title='bbox 786 2121 873 2155; x_wconf 87' lang='lat' dir='ltr'><strong>inde</strong></span> <span class='ocrx_word' id='word_1_254' title='bbox 900 2124 938 2155; x_wconf 87' lang='lat' dir='ltr'><strong>A.</strong></span> <span class='ocrx_word' id='word_1_255' title='bbox 1057 2124 1074 2153; x_wconf 80' lang='grc'>7</span> <span class='ocrx_word' id='word_1_256' title='bbox 1103 2119 1305 2164; x_wconf 87' lang='lat' dir='ltr'><strong>caputque]</strong></span> <span class='ocrx_word' id='word_1_257' title='bbox 1334 2118 1471 2162; x_wconf 86' lang='lat' dir='ltr'><strong>capud-</strong></span> 
     </span>
     <span class='ocr_line' id='line_1_41' title="bbox 119 2167 1471 2214; baseline -0.004 -11"><span class='ocrx_word' id='word_1_258' title='bbox 119 2180 190 2213; x_wconf 89' lang='lat' dir='ltr'><strong>que</strong></span> <span class='ocrx_word' id='word_1_259' title='bbox 217 2174 288 2203; x_wconf 89' lang='lat' dir='ltr'><strong>PV.</strong></span> <span class='ocrx_word' id='word_1_260' title='bbox 396 2174 436 2203; x_wconf 73' lang='lat'><strong>12</strong></span> <span class='ocrx_word' id='word_1_261' title='bbox 464 2169 740 2214; x_wconf 85' lang='lat' dir='ltr'><strong>Hephaestione</strong></span> <span class='ocrx_word' id='word_1_262' title='bbox 769 2169 921 2211; x_wconf 75' lang='lat' dir='ltr'><strong>Cospns:</strong></span> <span class='ocrx_word' id='word_1_263' title='bbox 953 2167 1168 2211; x_wconf 87' lang='lat' dir='ltr'><strong>ephestione</strong></span> <span class='ocrx_word' id='word_1_264' title='bbox 1195 2170 1234 2200; x_wconf 90' lang='lat' dir='ltr'><strong>A.</strong></span> <span class='ocrx_word' id='word_1_265' title='bbox 1339 2169 1380 2199; x_wconf 89' lang='grc'><strong>16</strong></span> <span class='ocrx_word' id='word_1_266' title='bbox 1409 2176 1471 2208; x_wconf 86' lang='lat' dir='ltr'><strong>op-</strong></span> 
     </span>
     <span class='ocr_line' id='line_1_42' title="bbox 120 2215 1473 2262; baseline -0.004 -11"><span class='ocrx_word' id='word_1_267' title='bbox 120 2217 249 2262; x_wconf 88' lang='lat' dir='ltr'><strong>periri]</strong></span> <span class='ocrx_word' id='word_1_268' title='bbox 275 2218 378 2261; x_wconf 86' lang='lat' dir='ltr'><strong>operi</strong></span> <span class='ocrx_word' id='word_1_269' title='bbox 404 2221 440 2250; x_wconf 90' lang='lat' dir='ltr'><strong>P.</strong></span> <span class='ocrx_word' id='word_1_270' title='bbox 538 2217 796 2259; x_wconf 88' lang='lat' dir='ltr'><strong>Permissoque</strong></span> <span class='ocrx_word' id='word_1_271' title='bbox 822 2216 990 2250; x_wconf 64' lang='lat' dir='ltr'><strong>Macistus:</strong></span> <span class='ocrx_word' id='word_1_272' title='bbox 1025 2215 1302 2259; x_wconf 82' lang='lat' dir='ltr'><strong>praemissoque</strong></span> <span class='ocrx_word' id='word_1_273' title='bbox 1323 2217 1365 2254; x_wconf 84' lang='lat' dir='ltr'><strong>P,</strong></span> <span class='ocrx_word' id='word_1_274' title='bbox 1391 2223 1473 2256; x_wconf 85' lang='lat' dir='ltr'><strong>per-</strong></span> 
     </span>
     <span class='ocr_line' id='line_1_43' title="bbox 119 2261 1471 2308; baseline -0.004 -10"><span class='ocrx_word' id='word_1_275' title='bbox 119 2264 327 2308; x_wconf 84' lang='lat' dir='ltr'><strong>missusque</strong></span> <span class='ocrx_word' id='word_1_276' title='bbox 352 2268 457 2305; x_wconf 72' lang='lat' dir='ltr'><strong>BFI..v</strong></span> <span class='ocrx_word' id='word_1_277' title='bbox 486 2264 729 2308; x_wconf 84' lang='lat' dir='ltr'><strong>permissique</strong></span> <span class='ocrx_word' id='word_1_278' title='bbox 750 2267 788 2297; x_wconf 85' lang='lat' dir='ltr'><strong>V.</strong></span> <span class='ocrx_word' id='word_1_279' title='bbox 906 2266 948 2296; x_wconf 90' lang='lat'><strong>18</strong></span> <span class='ocrx_word' id='word_1_280' title='bbox 974 2262 1290 2306; x_wconf 80' lang='lat' dir='ltr'><strong>Hephaestionem</strong></span> <span class='ocrx_word' id='word_1_281' title='bbox 1318 2261 1471 2303; x_wconf 69' lang='lat' dir='ltr'><strong>Cospzcs:</strong></span> 
     </span>
     <span class='ocr_line' id='line_1_44' title="bbox 122 2309 1400 2356; baseline -0.004 -11"><span class='ocrx_word' id='word_1_282' title='bbox 122 2312 377 2355; x_wconf 87' lang='lat' dir='ltr'><strong>ephestionem</strong></span> <span class='ocrx_word' id='word_1_283' title='bbox 402 2315 441 2345; x_wconf 86' lang='lat' dir='ltr'><strong>A.</strong></span> <span class='ocrx_word' id='word_1_284' title='bbox 517 2316 560 2345; x_wconf 80' lang='lat'><strong>&#39;20</strong></span> <span class='ocrx_word' id='word_1_285' title='bbox 588 2311 716 2356; x_wconf 87' lang='lat' dir='ltr'><strong>ullius]</strong></span> <span class='ocrx_word' id='word_1_286' title='bbox 738 2310 838 2344; x_wconf 86' lang='lat' dir='ltr'><strong>illius</strong></span> <span class='ocrx_word' id='word_1_287' title='bbox 859 2314 894 2343; x_wconf 90' lang='lat' dir='ltr'><strong>P.</strong></span> <span class='ocrx_word' id='word_1_288' title='bbox 971 2314 1014 2343; x_wconf 77' lang='lat'><strong>25</strong></span> <span class='ocrx_word' id='word_1_289' title='bbox 1043 2320 1174 2353; x_wconf 86' lang='lat' dir='ltr'><strong>capere</strong></span> <span class='ocrx_word' id='word_1_290' title='bbox 1196 2309 1248 2353; x_wconf 87' lang='lat' dir='ltr'><strong>et]</strong></span> <span class='ocrx_word' id='word_1_291' title='bbox 1276 2320 1341 2342; x_wconf 83' lang='lat' dir='ltr'><strong>om.</strong></span> <span class='ocrx_word' id='word_1_292' title='bbox 1363 2311 1400 2341; x_wconf 85' lang='lat' dir='ltr'><strong>P.</strong></span> 
     </span>
     <span class='ocr_line' id='line_1_45' title="bbox 122 2358 876 2393; baseline -0.001 -1"><span class='ocrx_word' id='word_1_293' title='bbox 122 2359 310 2393; x_wconf 83' lang='lat' dir='ltr'><strong>discedere</strong></span> <span class='ocrx_word' id='word_1_294' title='bbox 338 2359 559 2393; x_wconf 66' lang='lat' dir='ltr'><strong>Frobem‘ns:</strong></span> <span class='ocrx_word' id='word_1_295' title='bbox 589 2358 812 2393; x_wconf 82' lang='lat' dir='ltr'><strong>descendere</strong></span> <span class='ocrx_word' id='word_1_296' title='bbox 838 2361 876 2391; x_wconf 87' lang='lat' dir='ltr'><strong>A.</strong></span> 
     </span>
    </p>
   </div>
   <div class='ocr_carea' id='block_1_15' title="bbox 1491 932 1509 960">
    <p class='ocr_par' dir='ltr' id='par_1_15' title="bbox 1491 932 1509 960">
     <span class='ocr_line' id='line_1_46' title="bbox 1491 932 1509 960; baseline 0 -2"><span class='ocrx_word' id='word_1_297' title='bbox 1491 932 1509 960; x_wconf 80' lang='grc' dir='ltr'><strong>ἴ)</strong></span> 
     </span>
    </p>
   </div>
   <div class='ocr_carea' id='block_1_16' title="bbox 1493 1110 1511 1138">
    <p class='ocr_par' dir='ltr' id='par_1_16' title="bbox 1493 1110 1511 1138">
     <span class='ocr_line' id='line_1_47' title="bbox 1493 1110 1511 1138; baseline 0.167 -3"><span class='ocrx_word' id='word_1_298' title='bbox 1493 1110 1511 1138; x_wconf 79' lang='grc'>6</span> 
     </span>
    </p>
   </div>
   <div class='ocr_carea' id='block_1_17' title="bbox 1496 1347 1513 1355">
    <p class='ocr_par' dir='ltr' id='par_1_17' title="bbox 1496 1347 1513 1355">
     <span class='ocr_line' id='line_1_48' title="bbox 1496 1347 1513 1355; baseline 0 -3"><span class='ocrx_word' id='word_1_299' title='bbox 1496 1347 1513 1355; x_wconf 72' lang='lat' dir='ltr'><strong>-v</strong></span> 
     </span>
    </p>
   </div>
   <div class='ocr_carea' id='block_1_18' title="bbox 1501 1357 1507 1376">
    <p class='ocr_par' dir='ltr' id='par_1_18' title="bbox 1501 1357 1507 1376">
     <span class='ocr_line' id='line_1_49' title="bbox 1501 1357 1507 1376; baseline 0 0"><span class='ocrx_word' id='word_1_300' title='bbox 1501 1357 1507 1376; x_wconf 67' lang='lat'>1</span> 
     </span>
    </p>
   </div>
   <div class='ocr_carea' id='block_1_19' title="bbox 1495 1530 1513 1553">
    <p class='ocr_par' dir='ltr' id='par_1_19' title="bbox 1495 1530 1513 1553">
     <span class='ocr_line' id='line_1_50' title="bbox 1495 1530 1513 1553; baseline 0 0"><span class='ocrx_word' id='word_1_301' title='bbox 1495 1530 1513 1553; x_wconf 58' lang='lat' dir='ltr'>S</span> 
     </span>
    </p>
   </div>
  </div>
 </body>
</html>
