1610 2522
388 109 718 144 His‘rofflARUM
745 108 1027 143 ALEXANDRI
1054 108 1114 149 vi,
1142 111 1172 141 9.
1378 100 1458 146 183

105 221 242 262 exitus
276 219 472 261 declarat.
535 218 744 261 Incertam
784 232 872 258 rem
906 217 1095 258 deferens
1128 218 1341 257 tormenta
1372 230 1458 256 non
1486 229 1495 255 ε

106 280 250 321 timuit
285 278 528 327 Cebalinus,
574 292 643 320 nee
675 278 842 319 filetum
887 291 936 317 ne
981 279 1242 317 momentum
1286 274 1456 328 quidem

106 339 310 394 temporis
343 338 511 379 distulit
543 352 771 379 exonerare
804 352 859 387 se,
898 339 945 377 ut
977 351 1039 389 eo,
1076 335 1149 376 ubi
1182 334 1366 387 lavabar,
1398 333 1458 374 in-

107 400 339 453 rumperet:
372 397 564 438 Philotas
609 397 724 438 solus
769 395 878 437 nihil
922 395 1085 448 timuit,
1129 394 1237 434 nihil
1270 392 1458 434 credidit.

67 458 141 503 50
188 457 332 512 magni
376 457 506 498 animi
551 457 706 497 virum!
757 455 841 496 lste
887 454 999 509 regis
1044 453 1232 507 periculo
1276 466 1460 493 commo-

108 522 288 570 veretur,
327 517 492 557 vultum
526 519 722 569 mutaret,
765 515 948 556 indicem
981 516 1124 555 tantae
1157 513 1217 554 rei
1250 512 1460 554 sollicitus

105 577 287 618 audiret!
351 575 507 617 Subest
556 575 759 616 nimirum
804 574 973 615 silentio
1018 573 1202 625 facinus,
1253 575 1294 612 et
1339 571 1460 612 avida

108 651 203 690 spes
241 637 361 690 regni
399 635 675 690 praecipitem
710 634 898 674 animum
932 633 984 673 ad
1016 632 1216 673 ultimum
1249 630 1367 672 nefas
1400 631 1460 671 in-

107 696 227 749 pulit.
292 694 418 736 Pater
453 694 613 736 Mediae
646 696 829 748 praeest:
866 694 955 747 ipse
989 692 1099 746 apud
1132 692 1290 731 multos
1324 690 1460 744 copia-

52 775 86 800 10
106 769 199 795 rum
239 754 366 795 duces
403 754 508 795 meis
550 756 804 807 praepotens
838 752 1000 793 viribus
1032 751 1204 803 maiora,
1237 764 1363 803 quam
1398 764 1461 791 ca-

107 814 188 868 pit,
233 814 377 867 spirat.
453 812 624 854 Orbitas
664 825 832 865 quoque
878 826 988 864 mea,
1033 810 1148 864 quod
1186 810 1276 850 sine
1312 808 1461 849 liberis

108 888 213 925 sum,
246 873 471 927 spernitur.
534 871 616 913 Sed
648 874 759 912 errat
790 870 994 912 Philotas.
1058 869 1107 911 ln
1139 869 1260 910 vobis
1292 868 1462 910 liberos.

107 935 316 986 parenteS,
349 932 686 987 consanguineos
718 930 871 972 habeo:
904 929 1025 970 vobis
1060 930 1186 969 salvis
1215 928 1344 969 orbus
1371 942 1461 968 esse

35 997 86 1033 34
107 1006 192 1032 non
225 992 424 1045 possum.'

55 1071 86 1095 15
108 1055 207 1104 tam,
241 1065 367 1104 quam
401 1051 453 1091 ad
485 1051 596 1091 filios
628 1049 886 1091 Nicanorem
921 1051 962 1089 et
988 1047 1192 1089 Philotan
1224 1045 1462 1101 scripserat,

108 1111 257 1151 recitat
289 1110 403 1151 haud
435 1124 534 1151 sane
563 1109 769 1151 indicium
797 1108 1004 1163 gravioris
1032 1107 1199 1148 consilii
1225 1106 1463 1160 praeferen-

107 1173 205 1211 tem.
267 1169 464 1224 Namque
497 1184 661 1211 summa
693 1169 782 1209 eius
816 1168 919 1209 haec
953 1169 1058 1208 erat:
1091 1166 1298 1207 ‘Primum
1332 1165 1463 1206 vestri

109 1244 251 1270 curam
285 1229 417 1284 agite,
461 1228 609 1270 deinde
641 1232 898 1268 vestrorum:
932 1227 990 1267 sic
1023 1227 1153 1278 enim,
1199 1239 1305 1279 quae
1338 1224 1463 1265 desti⁷

109 1290 316 1341 flavimus,
336 1288 596 1329 efficiemus.'
614 1287 866 1340 Adiecitque
887 1301 960 1327 rex
982 1285 1041 1326 sic
1059 1299 1148 1326 esse
1170 1285 1384 1338 scriptam,
1405 1286 1464 1335 ut,
1518 1296 1529 1301 ·

54 1368 89 1391 20
110 1349 196 1389 sive
224 1348 275 1388 ad
301 1347 412 1388 filios
434 1348 707 1401 pervenisset,
734 1362 757 1387 3
778 1345 958 1387 consciis
980 1347 1124 1399 posset
1145 1344 1350 1398 intellegi,
1376 1343 1463 1384 sive

110 1408 342 1461 intercepta
382 1410 508 1459 esset,
552 1407 718 1447 falleret
755 1406 940 1460 ignaros.
1003 1404 1077 1444 ‘At
1110 1404 1222 1444 enim
1255 1402 1463 1457 Dymnus,

110 1481 205 1507 cum
237 1469 400 1508 ceteros
432 1467 659 1520 participes
693 1464 863 1506 sceleris
896 1463 1112 1515 indicaret,
1144 1461 1346 1503 Philotan
1377 1475 1463 1502 non

110 1526 362 1566 nominavit!
395 1525 489 1566 Hoc
522 1525 692 1579 quidem
726 1524 842 1565 illius
869 1538 954 1564 non
982 1522 1261 1574 innocentiae,
1294 1521 1367 1563 sed
1392 1536 1464 1574 po-

109 1586 266 1626 tentiae
299 1584 504 1626 indicium
535 1587 611 1637 est,
650 1584 763 1638 quod
796 1584 857 1623 sic
889 1582 941 1623 ab
974 1583 1026 1623 iis
1058 1582 1235 1622 timetur
1268 1581 1408 1633 etiam,
1441 1595 1464 1620 a

57 1663 89 1687 -25
112 1644 265 1698 quibus
304 1644 426 1698 prodi
465 1647 628 1698 potest,
672 1646 737 1697 ut,
782 1657 877 1683 cum
911 1642 960 1682 de
993 1656 1036 1682 se
1067 1641 1300 1693 fateantur,
1341 1640 1462 1680 illum

110 1708 250 1744 tamen
296 1702 443 1744 celent.
507 1702 705 1744 Ceterum
737 1701 939 1743 Philotan
984 1701 1117 1755 ipsius
1162 1699 1321 1740 indicat
1365 1699 1463 1739 vita.

207 1848 225 1877 2
255 1854 326 1878 nec
355 1845 402 1878 M
407 1847 530 1878 efron
556 1844 695 1877 addidi.
820 1846 838 1875 3
866 1842 1079 1886 exonerare]
1107 1840 1331 1875 exhonerare
1357 1842 1392 1871 P.

112 1891 279 1936 lavabar]
305 1891 459 1924 lababar
484 1894 520 1923 P.
629 1895 648 1923 4
675 1889 858 1935 Philotas]
885 1888 1059 1933 phylotas
1087 1892 1118 1922 C.
1228 1886 1327 1920 solus
1353 1885 1464 1930 nihil]

112 1938 211 1972 solus
238 1938 353 1972 nichil
378 1941 417 1971 V.
526 1943 545 1971 5
573 1937 878 1982 commoveretur]
906 1937 1198 1971 comuemeretur
1223 1938 1258 1967 P.
1365 1937 1381 1966 7
1410 1933 1465 1966 ni-

111 1986 263 2031 mirum]
284 1996 479 2019 numerum
499 1988 525 2018 F
547 1997 588 2018 m.
607 1996 664 2028 pr.
741 1988 759 2018 9
781 1984 897 2029 apud]
919 1985 1070 2027 caput?
1092 1995 1133 2017 m.
1151 1994 1209 2026 pr.
1287 1985 1327 2014 1-2
1351 1981 1464 2025 errat]

112 2035 192 2067 erat
218 2037 243 2066 F
267 2045 308 2067 m.
325 2045 382 2077 pr.
404 2036 443 2066 V.
541 2032 725 2077 Philotas]
752 2032 926 2076 phylotas
954 2034 1058 2065 BFL.
1157 2028 1309 2073 liberos]
1336 2027 1464 2062 liberis

111 2084 137 2114 P
157 2093 201 2115 m.
218 2092 276 2124 pr.
402 2084 443 2113 13
470 2079 606 2125 habeo]
640 2080 732 2113 abeo
765 2083 801 2113 L.
926 2083 968 2112 14
994 2076 1265 2121 Parmenionis]
1298 2086 1462 2119 parmoe-

116 2127 237 2162 nionis
264 2131 299 2160 P.
400 2132 442 2160 15
469 2127 658 2172 Philotan]
685 2127 867 2170 phylotan
888 2129 913 2158 B
937 2138 977 2160 m.
998 2137 1062 2160 sec.
1083 2128 1153 2158 ΕΙ..
1254 2126 1296 2156 16
1324 2125 1465 2166 praefe-

114 2175 270 2220 rentem]
291 2175 470 2209 ferentem
490 2177 549 2207 BP
569 2186 614 2208 m.
634 2185 700 2208 rec.
779 2177 819 2208 18
842 2172 1124 2218 destinavimus]
1147 2170 1408 2205 distinauimus
1429 2173 1464 2202 P.

115 2225 158 2255 20
180 2222 216 2267 a]
237 2222 284 2255 ad
304 2226 329 2255 P
350 2234 393 2256 m.
412 2233 468 2265 pr.
561 2221 746 2267 intellegi]
767 2220 929 2265 intelligi
944 2224 980 2254 F.
1057 2224 1099 2253 21
1122 2218 1287 2263 ignaros]
1314 2217 1465 2262 ignarus

114 2273 139 2302 P
165 2280 208 2302 m.
233 2281 289 2312 pr.
310 2273 339 2301 V
368 2281 409 2303 m.
435 2281 490 2313 pr.
612 2268 796 2314 Dymnus]
833 2268 980 2301 dimnus
1007 2271 1043 2300 F.
1167 2270 1210 2299 22
1244 2264 1464 2309 participes]

115 2316 303 2360 particeps
329 2319 369 2350 V.
515 2316 704 2361 Philotan]
731 2316 913 2360 phylotan
940 2318 1046 2350 BLV.
1194 2316 1236 2347 ‘23
1264 2311 1381 2356 illius]
1410 2310 1467 2344 illi

114 2364 172 2396 ius
198 2366 234 2396 B.
334 2366 376 2396 24
404 2363 450 2396 ab
477 2363 539 2409 iis]
567 2363 646 2397 abis
673 2367 708 2397 P.
808 2367 850 2396 26
880 2362 1068 2406 Philotan]
1094 2361 1277 2405 phylotan
1305 2363 1336 2391 C.

477 990 720 1045 Epistulam
751 990 900 1030 deinde
928 988 1222 1030 Parmenionis
1256 987 1462 1040 intercep-
1514 998 1532 1027 3

1491 405 1531 434 lo

1491 584 1529 611 11

1492 1177 1534 1207 14

1493 1415 1534 1443 105
