1610 2522
382 70 712 105 HISTORIARUM
741 70 1019 105 ALEXANDRI
1045 71 1103 113 HI,
1133 74 1185 106 12.
1401 71 1456 111 33

108 195 196 222 esse
236 181 473 222 morituras.
550 180 793 222 Leonnatus
833 183 875 221 et
913 180 1052 222 vivere
1092 180 1276 222 Dareum
1317 182 1376 222 αῖί
1415 183 1457 222 et
1487 192 1527 222 12

107 241 220 294 ipsas
247 254 331 281 non
354 239 586 281 incolumes
607 240 732 281 modo
741 274 751 294 ,
778 240 848 281 sed
877 241 1002 281 etiam
1026 243 1232 294 apparatu
1252 241 1457 294 pristinae

107 300 303 341 fortunae
330 300 497 355 reginas
530 300 629 341 fore.
695 299 800 340 Tum
831 300 999 341 demum
1028 299 1155 340 Darei
1183 304 1316 341 mater
1348 300 1458 341 adle-

108 360 198 399 vari
231 374 273 400 se
305 374 428 413 passa
463 362 536 400 est.

36 423 83 458 31
196 418 436 460 Alexander
467 422 639 473 postero
674 419 739 459 die
772 433 867 460 011111
901 434 999 460 eura
1032 420 1209 473 sepultis
1237 419 1457 473 militibus⁷
1487 431 1527 461 13

71 496 85 521 6
108 493 289 532 quorum
323 493 501 533 corpora
527 479 756 532 invenerat,
788 478 1011 520 Persarum
1043 493 1211 533 quoque
1245 478 1457 520 nobilissi-

108 538 187 579 mis
233 538 409 579 eundem
456 537 661 579 honorem
712 537 860 579 haberi
912 538 1028 580 iubet
1075 539 1284 593 matrique
1329 537 1457 580 Darei

106 598 330 651 permittit,
363 612 469 651 quos
498 597 636 651 vellet,
667 598 806 652 patrio
833 612 949 639 more
977 598 1183 652 sepeliret.
1247 597 1326 639 Illa
1358 614 1455 652 pau·
1487 610 1527 640 14

107 672 177 698 008
205 660 295 698 arta
314 658 636 712 propinquitate
664 658 914 699 coniunctos
940 672 1016 712 pro
1044 657 1193 699 habitu
1220 660 1456 712 praesentis

54 735 86 759 ιο
107 718 302 757 fortunae
328 716 493 757 humari
524 717 657 767 iussit,
685 721 933 772 apparatum
961 718 1172 771 funerum,
1199 732 1283 772 quo
1304 718 1456 759 Persae

108 790 304 830 suprema
333 776 475 818 officia
495 776 767 829 celebrarent⁷
794 777 1051 818 invidiosum
1080 777 1169 818 fore
1197 778 1456 828 existimans,

107 850 202 876 eum
224 836 404 877 victores
434 835 546 876 haud
567 836 751 890 pretiose
774 840 1071 877 cremarent-ur.
1134 836 1312 890 Iamque
1332 838 1455 878 iustis
1486 849 1526 878 15

107 894 400 936 defunctorum
435 895 683 950 corporibus
718 895 869 936 solutis
902 896 1140 950 praemittit
1173 896 1224 937 ad
1257 897 1457 951 captivas,

107 954 177 1008 qui
211 955 458 996 nuntiarent
491 955 631 1009 ipsum
665 956 820 1008 venire,
860 955 1127 1009 inhibitaque
1161 956 1456 997 comitantium

54 1032 84 1057 15
106 1014 232 1055 turba
252 1014 571 1055 tabernaculum
594 1029 687 1055 011111
710 1014 1029 1069 Hephaestione
1050 1017 1191 1056 intrat,
1255 1015 1297 1056 Is
1330 1016 1456 1072 longe
1486 1028 1528 1058 16

107 1074 297 1114 omnium
313 1074 545 1115 amicorum
564 1075 806 1115 carissimus
828 1077 917 1116 erat
937 1075 1044 1129 regi:
1066 1089 1159 1116 011111
1184 1075 1276 1129 ipso
1298 1076 1457 1130 pariter

107 1133 300 1187 eductus,
340 1136 597 1175 secretorum
631 1135 820 1175 omnium
854 1134 1011 1175 arbiter
1042 1134 1253 1176 libertatis
1287 1150 1456 1189 quoque

106 1192 150 1234 in
176 1193 442 1234 admonendo
477 1208 524 1234 eo
557 1208 643 1234 non
676 1193 784 1234 alius
817 1193 912 1247 plus
939 1193 1135 1247 habebat,
1169 1194 1282 1248 quod
1315 1198 1455 1236 tamen

110 1252 165 1292 ita
191 1253 434 1307 usurpabat,
468 1256 515 1294 ut
541 1253 676 1308 magis
711 1268 733 1294 a
760 1268 858 1309 rege
884 1254 1138 1308 permissum
1167 1268 1292 1307 quam
1320 1254 1454 1295 vindi-

53 1329 86 1354 ‘20
108 1314 248 1353 catum
283 1312 334 1353 ab
369 1327 416 1353 eo
445 1312 670 1353 videretur.
733 1312 790 1353 Et
816 1313 925 1353 sieut
952 1316 1089 1355 aetate
1121 1328 1198 1367 par
1230 1317 1320 1354 erat
1353 1314 1455 1369 regi,

107 1372 165 1412 ita
198 1373 389 1426 eorporis
415 1372 566 1413 habitu
597 1375 858 1426 praestabat:
893 1387 993 1428 ergo
1019 1374 1190 1428 reginae
1218 1373 1339 1414 illum
1366 1388 1455 1414 esse
1485 1385 1526 1415 17

104 1445 245 1486 regem
284 1434 398 1472 ratae
437 1446 513 1472 suo
552 1446 668 1472 more
701 1434 923 1473 veneratae
964 1435 1073 1474 sunt.
1136 1431 1239 1473 Inde
1278 1447 1328 1474 ex
1361 1448 1456 1487 eap-

104 1490 202 1531 tivis
237 1490 513 1545 spadonibus,
553 1492 646 1545 quis
680 1491 919 1532 Alexander
952 1494 1078 1546 esset,
1117 1492 1455 1533 monstrantibus

107 1548 361 1605 Sisigambis
407 1550 608 1591 advoluta
659 1553 721 1591 est
772 1550 950 1605 pedibus
1002 1552 1091 1592 eius
1143 1551 1455 1607 ignorationem

51 1626 83 1650 -25
107 1624 338 1663 numquam
373 1613 495 1650 antea
527 1611 608 1650 visi
640 1610 752 1664 regis
779 1624 995 1651 excusans.
1060 1610 1194 1660 Quam
1227 1627 1355 1653 manu
1388 1612 1456 1652 ad-

104 1668 249 1710 levans
290 1683 380 1710 rex:
421 1668 533 1710 ‘Non
573 1669 750 1721 errasti',
783 1669 939 1724 inquit7
973 1670 1141 1712 ‘materz
1180 1686 1278 1712 nam
1313 1674 1353 1712 et
1386 1671 1456 1712 1110

33 1731 83 1766 32
105 1727 348 1769 Alexander
380 1729 469 1769 est’.
533 1728 744 1782 Equidem
777 1729 855 1770 hae
883 1730 1145 1771 continentia
1172 1731 1302 1771 animi
1336 1731 1370 1772 si
1403 1731 1454 1771 ad
1484 1743 1525 1772 18

104 1786 305 1829 ultimum
339 1788 451 1829 vitae
483 1802 750 1842 perseverare
784 1789 1013 1843 potuisset,
1051 1789 1283 1831 feliciorem
1324 1790 1455 1831 fuisse

201 1910 216 1938 1
246 1906 311 1939 ait
336 1906 420 1939 add.
443 1906 581 1950 Stanyl.
705 1910 724 1938 5
752 1906 827 1951 die]
855 1906 915 1940 dei
941 1910 976 1939 L.
1100 1910 1120 1940 8
1146 1907 1347 1952 permittit]
1374 1919 1455 1951 per-

104 1952 203 1986 mitti
229 1957 254 1985 L
280 1965 324 1987 vm.
344 1965 399 1996 pr.
421 1957 446 1985 P
474 1964 516 1986 m.
533 1964 590 1996 pr.
668 1958 708 1986 11
737 1955 923 1999 suprema]
951 1964 1148 1998 supprema
1168 1957 1204 1995 Β,
1233 1965 1456 1999 suppraema

104 2003 176 2033 FV.
305 2001 544 2046 invidiosum]
577 2001 716 2035 invidio
749 2004 774 2033 P
799 2013 844 2035 m.
868 1998 928 2046 pr.
1078 2005 1118 2035 12
1146 2002 1262 2048 haud]
1299 2002 1389 2036 haut
1415 2007 1453 2036 V.

109 2050 148 2080 13
176 2048 399 2093 praemittit]
427 2047 645 2091 praemittat
671 2052 709 2081 V.
810 2053 852 2082 14
879 2049 1129 2095 inhibitaque]
1159 2049 1403 2093 inhabitaque
1430 2054 1455 2083 P

107 2106 148 2127 m.
174 2106 229 2138 pr.
385 2100 426 2129 15
462 2095 737 2139 Hephaestione
773 2097 924 2141 Cospus:
970 2097 1187 2141 ephestione
1221 2100 1258 2130 A.
1404 2098 1454 2143 Is]

104 2141 176 2175 hiis
196 2146 236 2175 V.
319 2147 360 2176 16
388 2143 542 2188 pariter]
563 2143 682 2187 parite
704 2146 729 2176 B
749 2155 794 2177 m.
809 2156 868 2188 pr.
890 2148 964 2177 FV.
1041 2148 1082 2177 17
1111 2145 1281 2190 eductus]
1303 2145 1455 2180 edoctus

105 2192 211 2222 BFV.
288 2190 441 2236 arbiter]
469 2190 634 2225 harbiter
658 2195 693 2224 L.
771 2194 812 2225 18
838 2191 922 2235 plus
949 2193 1107 2236 Ieepius:
1136 2192 1193 2226 ius
1220 2196 1258 2225 A.
1343 2193 1455 2226 habe-

105 2236 185 2282 bat]
212 2237 347 2271 habeat
373 2242 408 2271 P.
484 2241 528 2271 ‘20
555 2238 601 2272 ab
629 2239 686 2284 eo]
713 2239 832 2273 habeo
858 2243 898 2273 V.
981 2244 1023 2273 22
1052 2239 1225 2285 captivis]
1253 2241 1398 2284 captuis
1418 2245 1453 2274 P.

106 2288 147 2317 24
182 2283 418 2330 Sisigambis]
452 2286 658 2320 sisioambis
684 2290 727 2330 P,
760 2286 960 2320 sisiiambis
987 2291 1024 2321 F.
1147 2291 1190 2321 ‘26
1224 2288 1361 2333 inquit]
1400 2289 1454 2322 in-

105 2332 194 2374 quid
220 2335 259 2365 V.

178 2397 315 2423 Cunmnvs
337 2399 441 2424 Rupcs
463 2399 506 2424 ed.
530 2399 708 2424 Hedicke.
748 2401 802 2425 Ed.
825 2400 927 2425 maior.
1222 2398 1240 2427 3
