1610 2522
158 130 244 171 342
662 129 701 171 Q.
731 128 873 164 CURTI
899 129 1013 164 RUFI

158 239 329 293 quidem
375 239 604 292 accepisse:
649 242 834 280 ceterum
875 238 1000 279 tertio
1042 238 1107 278 die
1147 237 1354 292 perveniri
1390 252 1513 291 posse

158 299 209 340 ad
243 313 396 352 aquam
431 313 634 352 amaram,
680 312 786 351 quae
826 300 1115 351 corrumperet
1147 297 1324 339 dulcem.
1387 295 1514 339 Intel-

111 369 129 398 7
156 359 313 399 lectum
348 360 411 399 est
438 372 551 398 mare
579 357 780 398 destinari
809 357 861 398 ab
890 357 1048 411 ignaris
1075 360 1250 398 naturae
1278 357 1378 397 eius.
1433 355 1513 397 Ita-

159 432 239 471 que
284 417 449 473 ingenti
494 417 712 457 alacritate
758 417 919 457 nautici
962 417 1191 471 remigant,
1235 419 1278 457 et
1318 416 1513 470 proximo

159 491 328 531 quoque
362 476 446 530 die,
490 491 574 530 quo
607 476 783 530 propius
817 490 912 530 spes
945 475 1267 529 admovebatur,
1301 474 1515 516 crescebat
1553 495 1568 520 5

157 536 284 577 ardor
316 536 566 577 animorum.
630 535 774 576 Tertio
809 535 892 576 iam
924 534 989 575 die
1017 536 1198 576 mixtum
1226 535 1391 575 flumini
1418 533 1516 575 sub-

157 595 246 636 ibat
277 609 390 636 mare
418 594 502 637 leni
530 594 668 636 adhuc
695 597 813 635 aestu
841 594 1126 636 confundente
1154 594 1342 648 dispares
1369 593 1514 635 undas.

111 666 130 695 s
158 655 267 695 Tum
312 655 438 695 aliam
485 654 667 695 insulam
712 654 851 695 medio
897 654 1011 694 amni
1056 655 1182 695 sitam
1221 654 1355 694 evecti
1387 654 1514 706 paulo

156 714 332 767 lentius,
378 714 477 768 quia
523 728 670 755 cursus
717 716 835 754 aestu
881 712 1248 766 reverberabatur‚
1302 712 1516 766 adplicant

157 775 334 815 classem
374 777 415 814 et
454 773 507 814 ad
539 776 800 815 commeatus
834 773 1038 827 petendos
1073 772 1333 825 discurrunt,
1378 771 1571 816 securim

111 845 129 874 9
157 847 277 874 casus
311 833 419 883 eius,
456 833 530 886 qui
563 833 807 886 supervenit
840 832 1009 887 ignaris.
1072 831 1216 872 Tertia
1247 831 1379 873 ferme
1410 830 1517 872 hora
1537 836 1586 872 :35

159 896 261 943 erat,
294 906 389 933 cum
424 894 536 933 stata
568 892 658 933 viee
691 890 883 933 Oceanus
917 894 1167 932 exaestuans
1201 891 1341 932 invehi
1375 890 1516 944 coepit

158 955 199 992 et
230 955 344 993 retro
375 952 534 992 flumen
561 966 721 1006 urgere.
775 951 898 999 Quod
925 952 1061 1005 primo
1090 951 1333 1004 coercitum,
1366 949 1515 991 deinde

158 1011 451 1053 vehementius
479 1010 650 1065 pulsum
678 1010 838 1052 maiore
866 1011 1029 1064 impetu
1056 1010 1277 1051 adversum
1299 1010 1515 1064 agebatur,

88 1082 130 1112 10
159 1085 286 1124 quam
314 1072 520 1112 torrentia
546 1070 769 1124 praecipiti
790 1070 909 1111 alveo
931 1071 1165 1110 incurrunt.
1210 1068 1363 1125 Ignota
1385 1069 1515 1125 vulgo
1537 1086 1569 1112 ιε

156 1130 255 1171 freti
287 1133 439 1170 natura
473 1133 573 1183 erat,
607 1132 882 1183 monstraque
915 1132 956 1169 et
985 1129 1071 1170 irae
1099 1129 1220 1170 deum
1250 1128 1405 1170 indicia
1431 1142 1516 1171 cer-

156 1204 254 1230 nere
299 1189 571 1241 videbuntur,
622 1188 853 1230 identidem
899 1189 1184 1229 intumescens
1230 1203 1344 1230 mare
1388 1191 1431 1228 et
1472 1189 1517 1228 in

88 1261 127 1290 11
159 1263 330 1303 campos
356 1250 485 1303 paulo
513 1252 610 1290 ante
638 1249 771 1289 siccos
800 1248 1049 1289 descendere
1076 1248 1359 1302 superfusum.
1410 1245 1517 1288 Iam-

159 1323 240 1362 que
273 1308 422 1349 levatis
456 1308 639 1363 navigiis
672 1311 713 1348 et
745 1311 836 1349 tota
869 1307 1001 1349 classe
1034 1307 1239 1361 dispersa,
1285 1306 1357 1361 qui
1390 1321 1516 1360 expo-

158 1368 229 1409 siti
261 1370 392 1420 erant,
428 1368 613 1421 undique
647 1367 697 1407 ad
732 1382 857 1408 naves
890 1367 1046 1421 trepidi
1081 1370 1121 1407 et
1154 1366 1372 1420 inproviso
1402 1365 1514 1407 malo
1536 1384 1570 1409 20

88 1439 129 1468 12
157 1427 330 1468 attoniti
369 1429 602 1468 recurrunt.
667 1426 749 1467 Sed
789 1427 832 1467 in
873 1427 1062 1467 tumultu
1094 1425 1312 1467 festinatio
1346 1439 1515 1479 quoque

158 1487 278 1527 tarda
312 1490 385 1528 est.
438 1486 496 1527 Hi
529 1487 665 1527 contis
698 1486 869 1541 navigia
902 1486 1129 1539 pellebant,
1161 1484 1219 1538 hi,
1252 1485 1352 1526 dum
1378 1499 1516 1526 remos

87 1557 129 1587 13
159 1547 294 1600 aptari
322 1545 620 1600 prohibebant,
654 1545 943 1598 consederant,
975 1545 1143 1598 quidam
1173 1544 1397 1596 enavigare
1424 1559 1516 1599 pro-

157 1609 367 1659 perantes,
401 1605 472 1646 sed
504 1620 589 1646 non
623 1605 870 1658 expectatis,
904 1604 975 1658 qui
1011 1603 1139 1645 simul
1171 1618 1262 1644 esse
1296 1603 1517 1657 debebant,

158 1665 309 1706 clauda
340 1668 381 1705 et
414 1664 621 1706 inhabilia
652 1664 823 1719 navigia
855 1663 1056 1719 languide
1083 1663 1379 1716 moliebantur,
1411 1662 1516 1704 aliae
1537 1680 1571 1706 25

156 1724 329 1765 navium
361 1724 601 1765 inconsulte
628 1727 798 1765 ruentes
826 1723 948 1777 [non]
976 1725 1240 1777 receperant:
1271 1723 1518 1777 pariterque

90 1795 132 1825 14
160 1786 202 1824 et
228 1784 460 1824 multitudo
487 1786 530 1824 et
557 1783 748 1837 paucitas
776 1783 1026 1823 festinantes
1054 1781 1310 1822 morabatur.
1348 1781 1519 1822 Clamor

158 1843 257 1883 hinc
299 1847 540 1896 expectare,
582 1843 683 1884 hinc
716 1843 775 1882 ire
808 1842 1047 1883 iubentium
1081 1841 1361 1895 dissonaeque
1394 1854 1518 1882 voces

159 1916 391 1955 numquam
425 1901 534 1942 idem
569 1905 696 1955 atque
731 1916 860 1942 unum
892 1901 1157 1942 tendentium
1184 1915 1269 1941 non
1297 1899 1517 1941 oculorum

255 2011 275 2039 4
296 2006 496 2052 remigant]
519 2006 699 2040 remicant
719 2010 754 2039 P.
826 2009 844 2039 9
866 2005 1004 2039 lentius
1025 2006 1237 2040 Acidalius:
1265 2004 1384 2038 leuius
1405 2007 1445 2039 A.

159 2053 465 2088 reverberabatur
485 2057 511 2086 B
533 2066 576 2088 m.
597 2065 680 2088 sec:
708 2053 1016 2087 reuerebrabatur
1036 2056 1061 2085 P
1082 2065 1125 2087 m.
1142 2064 1214 2096 Ρη,
1234 2052 1475 2086 reuerabatur
1496 2055 1518 2084 C

161 2101 417 2147 [reuerebatur
431 2104 457 2134 B
480 2113 522 2135 m.
538 2101 625 2147 pr]
699 2104 740 2134 10
761 2101 1004 2146 commeatus]
1027 2102 1253 2134 commeatos
1267 2103 1302 2132 P.
1374 2103 1415 2133 12
1437 2110 1516 2134 eoe-

159 2149 232 2194 pit]
248 2149 345 2193 cepit
362 2153 396 2182 P.
476 2152 516 2182 18
533 2148 756 2183 descendere
771 2152 803 2181 1:
821 2148 1036 2182 discendere
1056 2151 1084 2180 A
1107 2147 1313 2193 [discedere
1328 2150 1354 2180 F
1375 2146 1516 2192 m.pr.].

160 2200 203 2230 22
232 2196 279 2229 Hi
308 2197 449 2231 Lauer:
483 2209 510 2230 11
535 2199 574 2229 A.
651 2195 801 2237 navigia
829 2194 1036 2240 pellebant]
1065 2194 1438 2239 nauigiappellebant
1458 2197 1517 2227 BL

160 2256 204 2278 m.
223 2255 293 2287 pix,
314 2244 468 2289 nauigia
489 2243 732 2288 appellebant
746 2247 780 2276 F.
857 2243 894 2276 hi
919 2243 1059 2276 Lauer:
1080 2254 1106 2275 11
1122 2245 1160 2275 A.
1236 2245 1279 2275 ‘23
1302 2241 1516 2287 enavigare]

161 2292 380 2335 enauigaret
405 2295 441 2325 P.
529 2295 572 2324 ‘24
599 2291 689 2336 non]
717 2302 782 2324 om.
804 2294 838 2323 P.
934 2293 977 2324 ‘25
1005 2288 1155 2335 clauda]
1183 2291 1220 2323 et
1246 2288 1381 2323 clauda
1405 2292 1444 2322 V.

161 2338 363 2384 inhabilia]
391 2338 548 2372 inabilia
573 2342 608 2372 P.
708 2337 900 2383 languide]
933 2337 978 2371 de
1005 2336 1166 2381 anguide
1194 2340 1228 2370 P.
1341 2340 1384 2370 26
1411 2335 1516 2382 [non]

160 2386 284 2420 deleri.
386 2390 430 2420 29
457 2386 675 2431 numquam]
703 2395 886 2429 nusquam
913 2388 947 2418 P.
1048 2384 1176 2430 atque]
1205 2383 1326 2427 adque
1352 2387 1388 2417 1..
