1610 2522
339 98 672 135 HISTORIARUM
700 99 977 134 ALEXANDR]
1010 100 1085 142 wi,
1114 105 1143 133 ·.›.
1167 105 1197 134 3.
1359 101 1440 141 211

92 208 173 249 fide
208 207 402 250 traderet.
462 206 724 262 Simpliciter
756 208 807 248 ad
841 210 1101 250 necessarios
1135 223 1233 249 suos
1267 209 1446 263 quisque

93 268 335 321 scripserat,
380 282 487 320 quae
519 267 745 308 sentiebat:
790 267 884 308 aliis
917 268 1059 323 gravis
1093 271 1198 322 erat,
1232 268 1445 322 plerisque

92 340 176 367 non
219 327 386 381 ingrata
420 325 584 367 militia.
647 325 711 367 Ita
744 330 785 368 et
818 328 1033 381 agentium
1077 327 1235 382 gratias
1269 330 1309 368 et
1349 342 1446 381 que*
1474 339 1518 369 37

92 386 276 426 rentium
310 386 476 426 litterae
509 388 708 440 exceptae
741 389 851 427 sunt.
904 386 979 440 Et,
1012 387 1085 441 qui
1117 387 1227 428 forte
1260 387 1448 429 taedium

56 463 70 486 5
92 444 249 486 laboris
289 460 364 499 per
404 446 568 486 litteras
602 448 721 487 erant
759 446 910 499 questi,
952 445 1061 487 hanc
1100 461 1266 488 seorsus
1300 446 1448 488 cohor-

92 509 176 545 'tem
210 520 233 545 a
266 505 415 545 ceteris
448 504 620 546 tendere
652 505 912 560 ignominiae
945 520 1071 546 causa
1103 505 1238 560 iubet,
1279 506 1447 547 fortitu-

92 563 187 604 dine
232 578 384 605 usurus
431 563 473 604 in
518 564 647 613 bello,
692 563 933 605 libertatem
978 564 1149 620 linguae
1189 565 1239 606 ab
1273 565 1446 608 auribus

92 623 272 664 credulis
313 625 563 664 remoturus.
615 622 663 663 Id
696 623 933 678 consilium,
966 625 1238 665 temerarium
1265 626 1446 666 forsitan

90 707 147 710 ——
180 682 336 736 quippe
378 683 601 724 fortissimi
635 683 806 724 iuvenes
838 684 1095 725 contumelia
1129 684 1293 725 inritati
1327 688 1446 725 erant

41 760 159 794 10—-‚
193 742 302 783 sicut
336 742 478 782 omnia
504 742 586 782 alia
618 742 799 784 felicitas
826 744 939 798 regis
972 743 1148 797 excepit.
1205 743 1327 785 Nihil
1361 743 1446 785 illis
1474 755 1517 785 38

91 800 142 841 ad
175 800 287 842 bella
319 801 559 855 promptius
593 801 690 842 fuit:
724 802 930 843 incitabat
961 803 1164 844 virtutem
1198 806 1239 844 et
1265 803 1445 858 ignomi-

90 861 183 900 niae
223 859 450 902 demendae
489 860 642 915 cupido
682 864 739 914 et,
785 861 884 915 quia
915 862 1042 902 fortia
1077 862 1190 903 facta
1221 864 1264 902 in
1298 862 1444 916 paucis

89 919 221 960 latere
253 934 338 960 non
369 922 577 973 poterant.

22 983 67 1016 ll
180 978 260 1019 His
286 979 344 1020 ita
369 979 601 1033 conpositis
623 978 863 1020 Alexander
883 979 1059 1021 Arsame
1079 980 1357 1034 Dranyarum
1378 995 1439 1022 sa*
1465 984 1516 1019 HI

38 1055 70 1080 15
91 1040 212 1092 trape
233 1039 465 1079 constituto
487 1038 568 1080 iter
581 1039 852 1092 pronuntiari
866 1039 984 1081 iubet
998 1041 1042 1081 in
1056 1039 1318 1094 Arimaspos,
1339 1054 1445 1094 quos

94 1097 176 1137 iam
221 1100 323 1138 tunc
367 1101 531 1138 mutato
577 1099 748 1139 nomine
784 1098 1021 1153 Euergetas
1060 1099 1350 1154 appellabant,
1394 1115 1444 1141 ex

92 1171 176 1209 quo
208 1156 366 1212 frigore
396 1157 618 1211 victusque
644 1158 823 1212 penuria
845 1157 943 1212 Cyri
971 1159 1203 1200 exercitum
1231 1158 1444 1200 adfectum

91 1215 216 1257 tectis
249 1220 289 1257 et
323 1217 630 1258 commeatibus
663 1217 867 1258 iuverant.
931 1217 1116 1266 Quintus
1150 1218 1237 1260 dies
1265 1221 1366 1273 erat,
1398 1222 1446 1260 ut
1473 1230 1491 1259 -3

92 1275 135 1315 in
162 1289 253 1316 eam
287 1276 503 1331 regionem
536 1279 796 1330 pervenerat.
850 1276 1080 1332 Cognoscit
1114 1277 1446 1332 Saffiharzanem,

39 1354 71 1376 'lo
93 1335 164 1387 qui
199 1335 250 1375 ad
270 1335 447 1376 Bessum
477 1336 697 1389 defecerat,
730 1351 823 1378 cum
859 1337 1050 1391 equitum
1080 1352 1207 1378 manu
1234 1338 1445 1391 inrupisse

92 1408 238 1434 rursus
271 1395 314 1434 in
341 1393 481 1436 Arios.
532 1393 681 1449 Itaque
719 1399 859 1436 eontra.
897 1410 988 1437 ezaon
1014 1397 1131 1438 misit
1162 1395 1373 1437 Caranum
1411 1400 1446 1437 et

92 1452 317 1508 Erigyium
363 1468 457 1494 cum
492 1454 706 1495 Artabazo
752 1457 794 1495 et
825 1454 1089 1496 Andronico:
1134 1470 1204 1497 eos
1246 1467 1292 1496 VI
1325 1455 1443 1496 milia

93 1510 349 1553 Graecorum
382 1513 587 1567 peditum,
620 1525 679 1554 DC
713 1514 876 1567 equites
909 1515 1203 1569 sequebantur.
1255 1513 1350 1569 lpse
1384 1527 1444 1556 Lx
1471 1528 1490 1555 53

92 1571 238 1612 diebus
281 1575 450 1627 gentem
483 1571 792 1627 Euergetarum
835 1574 1048 1614 ordinavit
1080 1588 1234 1630 magna
1265 1574 1445 1628 pecunia

38 1648 69 1672 25
92 1630 146 1670 ob
179 1632 394 1686 egregiam
427 1632 471 1672 in
504 1630 660 1685 Cyrum
694 1632 819 1674 fidem
853 1633 1019 1674 donata.

187 1740 206 1768 4
235 1738 412 1779 exceptae
438 1740 470 1769 1:
507 1738 661 1780 excepta
692 1740 729 1770 A.
877 1743 896 1771 5
924 1737 1127 1783 eohortem]
1161 1738 1381 1782 quohortem
1406 1742 1442 1773 P.

94 1788 113 1814 δ
141 1782 316 1828 credulis]
350 1783 519 1817 credulus
546 1788 570 1817 L
602 1796 643 1818 m.
668 1796 727 1829 pr.
850 1785 1072 1830 remoturus]
1110 1788 1314 1819 remoturos
1347 1790 1373 1819 F
1397 1798 1443 1820 m.

88 1841 147 1873 pr.
174 1833 210 1864 P.
345 1830 385 1864 Id
417 1832 563 1876 scripsi:
602 1833 638 1865 et
663 1835 702 1865 A.
835 1836 854 1865 9
889 1832 1114 1866 contumelia
1148 1834 1316 1868 Illodi‘us:
1360 1844 1443 1867 con-

93 1876 266 1911 tumelias
294 1881 318 1911 L
347 1890 392 1912 m.
418 1890 475 1922 pr.
506 1882 584 1920 PV,
619 1878 853 1913 contumeliis
879 1882 966 1913 BFL
998 1892 1039 1914 m.
1067 1893 1129 1915 ,ιω
1262 1884 1303 1914 11
1340 1881 1445 1925 igno-

92 1924 246 1970 miniae]
267 1925 454 1969 ignomiae
475 1930 511 1960 F.
588 1930 630 1960 12
652 1926 871 1973 demendae]
893 1927 1106 1962 clemendae
1126 1931 1165 1961 V.
1242 1933 1284 1962 13
1311 1927 1445 1974 latere]

92 1970 216 2005 littere
243 1976 280 2008 F.
396 1977 438 2006 14
465 1975 617 2008 Arsame
645 1975 934 2019 Draugsarum
959 1976 1105 2019 scmP-si:
1134 1975 1358 2009 arianiorum
1385 1978 1445 2008 BL

93 2030 136 2052 m.
151 2031 210 2062 pr.
232 2023 268 2061 Ρ,
297 2020 541 2054 arrianiorum
561 2025 602 2064 V,
629 2021 840 2056 arianorum
860 2026 897 2056 F.
999 2027 1040 2055 15
1067 2023 1282 2067 Arimaspos
1311 2024 1442 2058 Wsesse-

92 2067 242 2111 lin-qius:
271 2070 431 2102 armatos
452 2072 490 2101 A.
580 2073 620 2102 17
650 2068 749 2114 Cyri]
776 2069 842 2103 ciri
868 2073 903 2103 F.
997 2074 1038 2103 19
1066 2081 1146 2103 eam
1173 2070 1377 2115 regionem]
1399 2080 1443 2104 ea

90 2113 239 2158 regione
254 2117 294 2148 V.
371 2119 413 2149 19
429 2114 708 2150 Satibarzanem
725 2117 858 2151 Aldus:
888 2116 1141 2151 satibazanem
1155 2121 1193 2151 A.
1270 2121 1312 2151 21
1334 2117 1443 2151 Arios

91 2161 298 2195 Aeidalizcs:
327 2161 419 2196 alios
445 2166 484 2196 A.
591 2163 720 2207 Itaque
748 2170 903 2199 contra
930 2176 976 2198 eu
990 2177 1018 2198 m
1049 2165 1171 2199 misit
1196 2166 1342 2209 scripsi:
1370 2166 1443 2199 ita-

91 2218 161 2250 que
188 2211 225 2242 A.
334 2209 514 2244 Caranum
542 2216 578 2245 et
604 2210 797 2255 Erigyium
824 2212 960 2246 Aldus:
989 2222 1074 2245 cara
1100 2222 1210 2246 nume
1236 2212 1384 2258 riguum
1403 2216 1441 2254 P,

90 2265 266 2289 carenum
292 2257 460 2301 eriguum
488 2262 519 2292 c.
652 2262 694 2292 2‘.)
723 2258 950 2305 Andronico]
977 2259 1190 2293 ambronico
1217 2262 1255 2292 V.
1379 2270 1440 2293 eos

89 2303 233 2346 scripffi':
262 2304 298 2336 et
317 2307 355 2336 A.
455 2304 559 2338 milia
585 2318 650 2339 om.
672 2309 708 2339 F.
808 2310 851 2339 23
879 2318 924 2340 nc
950 2310 982 2340 1:
1011 2310 1054 2339 ff
1080 2310 1116 2340 A.
1218 2311 1261 2341 25
1289 2305 1439 2352 Cyrum]

89 2349 205 2382 cirum
231 2353 267 2383 F.

1155 2413 1222 2446 14*
