1610 2522
48 282 92 312 ‘24

54 1536 98 1567 29

120 103 205 143 202
626 103 665 145 Q.
694 102 835 137 CL'RTI
862 102 974 137 RUFI

121 213 215 266 quis
249 212 358 252 ferre
392 227 467 253 nos
502 213 678 266 potest?
718 212 812 266 quis
851 212 968 253 illam
1013 212 1249 254 animorum
1289 212 1475 254 alacrita-

119 274 204 311 tem
233 272 478 312 continere?
528 271 806 312 Militantium
835 286 911 313 nec
939 271 1179 327 indignatio
1206 286 1282 313 nec
1314 271 1476 313 laetitia

122 330 335 371 moderata
386 333 465 371 est:
523 330 573 371 ad
624 345 770 372 omnes
821 331 1011 372 adfectus
1063 332 1224 385 impetu
1275 331 1475 385 rapimur.

122 389 426 443 Vituperamus
463 390 706 444 laudamus,
748 391 996 431 miseremur
1035 391 1276 443 irascimur,
1318 393 1476 432 utcum-

122 464 202 502 que
242 464 439 503 praesens
481 450 617 490 movit
655 449 861 490 adfectio:
907 449 1033 491 modo
1072 449 1237 490 Indiam
1281 449 1395 491 adire
1437 452 1476 491 et
1516 469 1531 492 ε.

122 509 332 549 Oceanum
372 508 495 561 libet,
541 508 665 550 modo
700 509 930 563 coniugum
965 513 1005 550 et
1036 509 1267 550 liberorum
1302 509 1479 563 patriae-

78 579 89 585 ”
123 583 203 621 que
236 569 438 609 memoria
472 568 666 609 occurrit.
714 567 794 609 Sed
826 568 902 609 has
935 569 1228 624 cogitationes,
1260 569 1336 610 has
1368 569 1480 610 inter

123 642 165 668 se
199 627 549 681 conloquentium
582 642 706 669 voces
745 629 915 683 signum
957 628 1061 669 tuba
1094 628 1241 669 datum
1273 628 1389 668 finit:
1435 627 1475 668 in

122 701 221 728 suos
255 687 434 741 quisque.
468 687 636 728 ordines
663 687 884 740 currimus,
917 690 969 740 et,
1003 687 1210 741 quidquid
1243 687 1401 728 irarum
1435 687 1477 728 in

122 746 396 788 tabernaculo
436 750 689 800 conceptum
722 749 805 799 est,
846 748 889 788 in
928 747 1117 788 hostium
1151 746 1382 787 effunditur
1414 760 1479 788 ca-
1500 766 1532 789 ιο

121 807 220 859 pita.
285 805 461 847 Utinam
494 805 688 847 Philotas
727 820 895 860 quoque
940 808 1052 847 intra
1084 807 1213 848 verba
1246 807 1477 860 peccasset!

122 864 305 906 Proinde
339 865 391 906 ad
423 865 464 906 id
498 869 696 919 revertar,
729 869 905 920 propter
932 866 1046 919 quod
1078 867 1139 907 rei
1171 880 1328 907 sumus.
1361 865 1478 906 Ami·
1500 870 1522 904 4

124 924 280 978 citiam,
314 940 420 979 quae
454 925 579 966 nobis
612 940 707 966 011111
742 924 915 966 Philota
946 926 1045 978 fuit,
1084 925 1186 966 adeo
1220 939 1304 966 non
1338 939 1386 966 eo
1419 925 1478 966 in-

122 984 247 1037 fitias,
278 987 326 1025 ut
353 984 562 1038 expetisse
590 999 759 1038 quoque
785 999 862 1026 nos
885 999 1144 1039 magnosque
1165 999 1215 1026 ex
1243 999 1290 1025 ea
1316 984 1480 1025 fructus

124 1044 362 1098 percepisse
396 1045 612 1085 confitear.
673 1044 742 1085 An
776 1058 874 1085 vero
900 1043 1209 1098 Parmenionis,
1241 1057 1366 1097 quem
1399 1043 1479 1084 tibi
1503 1062 1532 1086 15

123 1104 366 1157 proximum
410 1118 499 1144 esse
538 1104 730 1156 voluisti,
774 1104 910 1145 filium
955 1118 1101 1145 omnes
1145 1117 1277 1158 paene
1321 1103 1479 1144 amicos

125 1167 222 1203 tuos
262 1163 509 1217 dignatione
546 1163 785 1204 vincentem
826 1164 987 1204 cultum
1020 1179 1043 1204 a
1074 1163 1197 1204 nobis
1236 1177 1325 1204 esse
1357 1163 1479 1203 mira-

125 1222 215 1263 ris?
278 1222 360 1276 Tu,
404 1222 617 1276 hercules,
661 1223 695 1263 si
736 1237 881 1264 verum
921 1222 1066 1264 audire
1108 1223 1193 1275 vis,
1226 1236 1321 1275 rex,
1352 1221 1480 1262 huius

124 1281 249 1322 nobis
280 1281 457 1336 periculi
491 1297 534 1323 es
569 1297 704 1323 causa.
750 1282 854 1331 Quis
887 1282 998 1323 enim
1032 1282 1140 1323 alius
1174 1281 1323 1330 effecit,
1354 1283 1402 1321 ut
1429 1280 1479 1321 ad

124 1341 328 1382 Philotan
374 1342 664 1395 decurrerent,
710 1342 783 1395 qui
835 1342 1001 1396 placere
1042 1341 1201 1382 vellent
1241 1341 1350 1382 tibi‘?
1412 1339 1478 1380 Ab
1501 1361 1534 1385 20

125 1400 199 1441 1110
242 1401 389 1442 traditi
434 1401 486 1442 ad
524 1402 638 1442 hunc
679 1401 857 1457 gradum
897 1401 1110 1442 amicitiae
1153 1404 1251 1441 tuae
1294 1399 1480 1441 ascendi—

126 1475 243 1501 mus:
283 1460 319 1501 is
360 1461 475 1514 apud
513 1464 554 1502 te
591 1461 692 1515 fuit,
733 1462 852 1502 cuius
897 1463 940 1502 et
979 1462 1161 1515 gratiam
1199 1462 1395 1514 expetere
1439 1461 1481 1499 et

125 1521 233 1561 iram
274 1520 423 1561 timere
461 1534 695 1574 possemus.
770 1519 815 1561 Si
854 1535 940 1561 non
976 1519 1284 1574 propemodum
1325 1519 1369 1559 in
1408 1521 1482 1559 tua

127 1580 271 1632 verba,
311 1582 354 1620 at
392 1579 453 1619 tui
490 1594 635 1620 onmes
673 1583 714 1620 te
754 1582 983 1634 praeeunte
1022 1579 1272 1632 iuravimus,
1312 1578 1480 1619 eosdem

126 1652 203 1679 nos
236 1639 433 1680 inimicos
466 1640 711 1693 amicosque
743 1638 966 1680 habituros
999 1653 1105 1685 esse,
1139 1653 1245 1692 quos
1279 1640 1326 1678 tu
1357 1637 1480 1678 habe·
1502 1658 1535 1683 25

223 1795 242 1824 ‘2
269 1791 499 1837 indignatio]
526 1791 743 1836 indignacio
769 1796 808 1826 V.
907 1791 1070 1837 laetitia]
1098 1791 1225 1825 leticia
1251 1795 1275 1823 L
1304 1794 1481 1834 1›1.pr.V.

127 1838 242 1872 laetia
262 1842 296 1872 P.
374 1842 392 1871 3
420 1840 612 1873 moderata
639 1844 670 1873 1:
711 1843 855 1874 morata
882 1843 921 1874 A.
1000 1843 1019 1872 5
1047 1838 1226 1883 adfectio]
1255 1837 1421 1872 adfeccio
1441 1841 1481 1870 V.

128 1890 145 1919 7
175 1886 437 1932 cogitationes]
471 1887 722 1932 cogitaciones
748 1891 787 1921 V.
888 1891 927 1921 11
959 1886 1141 1932 Philotas]
1172 1886 1347 1930 phylotas
1375 1888 1480 1918 BLV.

130 1937 170 1967 12
198 1935 360 1968 revertar
386 1938 428 1967 F:
466 1938 682 1978 praeuertar
707 1939 766 1968 PF
795 1947 905 1980 mary.
932 1939 957 1968 L
984 1947 1027 1969 m.
1056 1946 1119 1968 sec.
1141 1937 1167 1967 B
1193 1945 1237 1967 m.
1257 1944 1341 1975 sec„
1376 1942 1483 1977 prae-

126 1983 295 2015 reuertar
308 1984 333 2014 B
357 1993 398 2015 m.
414 1994 473 2026 pr.
490 1986 514 2015 L
532 1995 573 2016 m.
588 1994 648 2026 pr.
670 1986 709 2016 V.
786 1982 1017 2028 Amicitiam]
1037 1981 1248 2015 amiciciam
1261 1984 1287 2013 L
1307 1992 1351 2014 m.
1367 1992 1426 2024 pr.
1441 1983 1483 2022 V,

128 2029 328 2063 amititiam
349 2033 384 2062 F.
469 2033 509 2063 13
538 2030 703 2076 Philota]
730 2030 886 2074 phylota
910 2033 978 2063 BL.
1055 2029 1192 2063 infitias
1218 2032 1251 2061 1:
1279 2028 1421 2062 inficias
1442 2030 1482 2060 A.

130 2080 171 2110 15
194 2076 465 2122 Parmenionis]
479 2078 755 2121 parmoenionis
769 2081 806 2111 B.
879 2081 919 2111 16
941 2077 1075 2122 paene]
1090 2086 1209 2121 poene
1224 2079 1260 2109 F.
1338 2079 1380 2110 18
1401 2075 1483 2110 her-

128 2124 228 2157 cules
255 2127 296 2157 P:
324 2124 473 2158 hercule
495 2129 526 2158 c.
612 2129 653 2159 19
679 2125 837 2169 periculi
864 2137 901 2159 es
929 2129 961 2158 1:
992 2123 1167 2168 periculis
1194 2127 1230 2165 P,
1257 2122 1439 2167 pericules
1461 2127 1483 2156 c

131 2184 172 2204 m.
188 2184 247 2215 pr.
348 2173 475 2218 causa]
503 2184 631 2207 causas
652 2176 687 2206 P.
787 2172 926 2218 effecit]
953 2171 1068 2206 efficit
1087 2175 1122 2206 P.
1223 2173 1266 2204 ’20
1293 2169 1483 2216 Philotan]

128 2219 310 2263 phylotan
338 2222 443 2253 BLV.
568 2225 609 2254 21
645 2220 851 2265 amicitiae]
888 2219 1072 2254 amititiae
1104 2222 1180 2260 FP,
1223 2217 1417 2252 amiciciae
1442 2221 1481 2250 V.

130 2270 173 2299 ⁶22
202 2267 314 2312 apud]
344 2269 435 2311 aput-
461 2271 495 2301 P.
596 2270 633 2302 et
667 2268 828 2312 gratiam
853 2267 1057 2302 Bentleius:
1087 2270 1126 2300 -ῡ-
1155 2265 1316 2310 gratiam
1335 2269 1372 2302 P,
1399 2275 1483 2309 gra-

130 2313 220 2347 tiam
243 2319 275 2347 c.
352 2318 394 2347 ‘23
419 2316 459 2348 in
482 2317 546 2349 tua
568 2315 689 2358 verba,
717 2318 754 2349 at
775 2315 830 2349 tui
853 2315 1056 2350 Bentleius:
1085 2316 1149 2348 tuo
1169 2313 1368 2347 uerberatu
1389 2313 1422 2346 ei
1443 2316 1482 2346 Δ.

132 2367 174 2396 24
202 2365 403 2406 praeeunte
431 2363 571 2398 Lauer:
603 2364 862 2408 praetereunte
889 2366 927 2397 A.
1027 2366 1071 2395 ‘25
1099 2361 1207 2407 quos]
1234 2371 1419 2404 quosquos
1446 2363 1482 2393 P.
