1610 2522
420 108 754 143 HISTORIARUM
780 105 1066 142 ALEXANDRI
1089 108 1133 151 V,
1161 113 1191 143 3.
1215 114 1244 142 4.
1424 110 1502 150 121

152 217 310 258 sultare
342 217 488 271 modo,
526 217 628 271 quid
670 217 879 273 agendum
914 220 1041 264 esset,
1081 217 1153 258 sed
1185 221 1303 258 vates
1337 232 1507 272 quoque

152 276 352 318 adhibere
385 277 524 330 coepit
556 291 579 317 a
612 276 916 331 superstitione
950 277 1091 318 animi.
1156 275 1238 318 Sed
1273 277 1373 330 quid
1406 280 1508 319 tunc
1534 289 1552 319 2

152 335 393 390 praedicere
427 335 696 390 Aristander,
735 337 803 378 cui
835 339 927 377 tum
959 336 1191 390 plurimum
1226 336 1423 377 credebat
1456 352 1506 377 ex

151 395 331 448 vatibus,
363 395 559 449 poterat?
611 395 760 450 Itaque
793 395 1004 436 damnatis
1036 396 1351 449 intempestivis
1384 396 1506 437 sacri-

116 455 259 496 5ficiis
308 455 467 508 peritos
510 455 703 497 locorum
750 456 974 497 convocari
1019 455 1154 496 iubet:
1198 470 1273 510 per
1322 455 1507 497 Mediam

151 514 232 555 iter
264 514 544 555 ostendebant
576 517 717 556 tutum
750 517 1039 568 apertumque.
1097 513 1179 555 Sed
1212 530 1283 555 rex
1317 514 1508 556 deserere
1535 529 1555 558 3

153 573 308 614 milites
340 573 575 628 insepultos
609 574 881 615 erubescebat
912 575 973 615 ita
1004 574 1162 615 tradito
1195 589 1331 628 more,
1357 577 1405 615 ut
1437 575 1508 616 vix

151 632 285 674 ullum
326 633 505 674 militiae
549 636 637 674 tam
677 634 882 675 sollemne
922 636 1031 674 esset
1072 648 1226 674 munus
1267 648 1393 688 quam
1432 634 1507 675 hu-

151 693 294 732 mandi
315 707 424 733 suos.
471 694 674 747 Captivos
695 707 808 748 ergO,
830 708 936 747 quos
955 707 1092 747 nuper
1113 696 1346 747 exceperat,
1366 694 1508 735 vocari

99 768 131 792 ιο
152 751 280 792 iubet.
347 750 463 793 Inter
513 767 619 806 quos
663 755 752 793 erat
798 753 967 806 quidam
1010 752 1192 794 Graecae
1231 752 1508 808 Persicaeque
1536 767 1557 796 4

152 810 322 866 linguae
348 813 524 866 peritus,
559 813 631 866 qui
657 812 816 854 frustra
848 827 943 853 eum
976 812 1020 853 in
1047 812 1263 853 Persidem
1297 813 1509 854 montium

152 870 277 911 dorso
317 872 549 913 exercitum
583 872 735 913 ducere
768 872 975 924 adfirmat,
1014 872 1230 913 silvestres
1259 887 1348 913 esse
1382 872 1509 913 calles

151 930 222 970 vix
256 931 436 986 singulis
467 931 650 985 pervios,
683 932 826 972 omnia
848 932 1018 987 contegi
1038 931 1263 972 frondibus
1296 931 1510 986 inplexos-

152 1004 232 1043 que
261 990 458 1031 arborum
485 1005 625 1032 ramos
659 990 786 1032 silvas
813 992 1089 1033 committere.
1139 989 1338 1046 Namque
1369 991 1509 1032 Persis
1538 1005 1558 1034 5

99 1065 130 1090 15
152 1049 203 1089 ab
232 1049 365 1091 altero
385 1050 516 1091 latere
537 1051 754 1104 perpetuis
776 1050 987 1092 montium
1007 1050 1120 1106 iugis
1141 1050 1365 1092 clauditur.
1416 1050 1508 1092 Hoc

152 1108 336 1162 dorsum,
363 1109 477 1163 quod
497 1109 542 1150 in
561 1109 874 1165 longitudinem
897 1121 1006 1161 MDC,
1030 1110 1073 1150 in
1093 1109 1365 1151 latitudinem
1389 1121 1510 1151 CLXX

152 1167 287 1209 stadia
324 1169 554 1223 procurrit,
595 1184 618 1209 a
658 1168 846 1211 Caucaso
885 1173 1030 1211 monte
1069 1169 1120 1210 ad
1160 1169 1353 1210 Rubrum
1394 1185 1510 1211 mare

150 1227 346 1282 pertinet,
381 1243 547 1282 quaque
581 1228 735 1270 defecit
766 1243 901 1283 monS,
935 1229 1047 1270 aliud
1076 1230 1400 1282 munimentum,
1431 1230 1510 1270 fre-

153 1298 255 1341 tum,
283 1287 496 1329 obiectum
524 1291 597 1330 est.
641 1288 847 1330 Planities
875 1289 1023 1330 deinde
1049 1288 1126 1329 sub
1153 1288 1366 1329 radicibus
1392 1303 1510 1330 mon·
1538 1302 1557 1333 6

97 1360 131 1385 20
153 1347 259 1387 tium
301 1348 489 1400 spatiosa
521 1348 776 1401 procumbit7
810 1349 964 1389 fertilis
996 1351 1108 1389 terra
1141 1348 1374 1402 multisque
1406 1349 1509 1389 vicis

152 1409 277 1460 atque
311 1406 489 1448 urbibus
508 1407 721 1460 frequens.
771 1407 934 1449 Araxes
967 1408 1103 1448 amnis
1129 1423 1205 1461 per
1235 1406 1314 1449 hos
1336 1422 1509 1462 campos
1539 1422 1557 1452 7

152 1466 385 1506 multorum
419 1481 549 1520 aquas
582 1467 837 1508 torrentium
870 1467 1029 1508 evolvit
1061 1468 1104 1508 in
1137 1466 1326 1508 Medum:
1358 1467 1509 1508 Medus

151 1525 202 1565 ad
235 1540 350 1566 mare
383 1525 435 1566 ad
466 1526 686 1567 meridiem
713 1541 857 1568 versus
879 1527 1095 1567 —minor
1127 1527 1262 1567 amnis
1295 1541 1356 1579 eo,
1384 1541 1510 1580 quem

153 1585 315 1638 accepit
336 1610 389 1613 —
412 1585 616 1637 evehitur,
649 1585 972 1642 gignendaeque
998 1585 1152 1627 herbae
1185 1600 1271 1627 non
1305 1586 1412 1627 alius
1446 1589 1511 1628 est
1536 1599 1556 1630 8

98 1658 130 1682 ‘25
152 1645 302 1698 aptior,
335 1644 544 1697 quidquid
577 1645 723 1699 adluit,
754 1645 934 1687 fioribus
960 1646 1153 1686 vestiens.
1205 1644 1374 1686 Platani
1408 1661 1510 1699 quo-

154 1718 234 1757 que
267 1707 308 1744 et
334 1704 481 1758 populi
511 1708 744 1760 contegunt
776 1706 903 1759 ripas,
936 1705 995 1746 ita
1027 1708 1075 1746 ut
1100 1704 1252 1759 procul
1273 1705 1510 1746 visentibus

153 1763 399 1804 continuata
426 1763 649 1805 videantur
668 1764 887 1806 montibus
907 1779 1081 1806 nemora
1101 1765 1303 1819 riparum.
1343 1763 1509 1819 Quippe

250 1897 267 1924 ·.>
295 1892 575 1938 superstitione]
597 1892 866 1936 supersticione
886 1897 922 1926 P.
996 1894 1086 1926 tunc
1115 1893 1347 1927 Vindelimts:
1368 1896 1449 1926 tum
1469 1896 1509 1927 A.

154 1943 172 1972 3
201 1939 260 1973 0111
292 1940 387 1985 tum]
422 1939 603 1974 cumitum
633 1945 665 1973 C.
804 1946 823 1975 ὃ
857 1940 1050 1974 convocari
1079 1940 1198 1986 iubet]
1232 1940 1337 1974 iubet
1372 1951 1508 1974 conuo-

153 1986 227 2020 cari
248 1990 284 2020 F.
396 1987 574 2033 Mediam]
611 1988 774 2021 medium
802 1991 942 2021 BFPV.
1056 1991 1075 2021 6
1103 1988 1286 2033 deserere]
1315 1987 1459 2023 deferre
1484 1992 1509 2021 P

155 2046 196 2068 m.
212 2046 270 2078 pr.
396 2039 413 2068 'a'
440 2035 494 2069 ita
515 2039 548 2068 1:
575 2035 702 2079 itaque
730 2038 768 2070 A.
868 2039 888 2070 8
910 2035 1102 2081 sollemne]
1125 2035 1289 2069 solemne
1309 2039 1346 2070 P.
1441 2035 1509 2070 hu-

152 2082 295 2127 mandi]
316 2081 518 2116 humandi*
540 2086 575 2116 P.
656 2087 699 2117 15
719 2083 799 2117 Hoc
820 2083 970 2117 dorsum
990 2084 1118 2127 posuit
1143 2087 1226 2117 ante
1251 2083 1350 2126 quod
1385 2083 1509 2128 Voyel,

148 2134 231 2172 post
255 2130 440 2173 procurrit
465 2133 504 2163 A.
592 2134 633 2164 16
660 2130 951 2176 longitudinem]
978 2129 1214 2175 longitudine
1236 2132 1316 2171 BV,
1344 2130 1509 2175 longitu—

155 2176 250 2209 dune
271 2180 308 2211 F.
390 2177 478 2222 nnc]
505 2182 577 2211 nfic
588 2180 627 2211 ta
647 2181 723 2219 BL,
750 2182 796 2211 ff
816 2182 853 2220 F,
880 2191 925 2211 nc
937 2180 976 2211 ta
1001 2177 1105 2211 milia
1131 2181 1170 2211 V.
1251 2177 1506 2224 latitudinem]

154 2223 393 2258 altitudinem
418 2228 525 2259 FPV.
649 2227 691 2259 18
718 2224 1006 2271 munimentum]
1038 2224 1308 2260 monimentum
1334 2229 1360 2258 P
1387 2237 1431 2259 m.
1446 2237 1507 2270 pr.

156 2274 197 2303 19
218 2271 396 2305 Planities
416 2276 450 2305 1:
471 2272 653 2316 planicies
674 2276 713 2307 A.
789 2277 831 2306 ⁵22
854 2273 986 2318 aquas]
1011 2283 1076 2307 om.
1098 2275 1124 2305 B
1147 2284 1188 2306 m.
1204 2284 1263 2316 pr.
1340 2272 1506 2318 Medum]

153 2318 317 2352 medium
343 2323 369 2352 F
392 2332 433 2353 m.
449 2331 507 2364 pr.
590 2324 633 2354 25
662 2320 798 2366 aptior]
831 2320 937 2354 abcio
964 2323 989 2352 P
1008 2332 1053 2354 m.
1069 2331 1127 2364 pr.
1210 2318 1374 2364 Platani]
1400 2319 1507 2364 plan-

153 2365 232 2399 tani
258 2369 283 2398 P
302 2378 345 2400 m.
362 2378 422 2410 pr.
