1610 2522
310 83 645 119 HISTORIARUM
672 81 957 116 ALEXANDRI
984 80 1095 117 VIIII,
1123 85 1154 115 2.
1178 84 1207 115 3.
1354 79 1436 119 317

84 196 168 237 hoc
211 193 408 249 precibus
459 193 565 234 meis
611 194 652 232 et
695 191 865 232 tandem
912 189 1173 231 obstinatum
1222 189 1439 230 silentium

85 254 282 308 rumpite.
332 251 419 294 Ubi
445 254 509 292 est
536 252 607 293 ille
635 252 806 303 clamor,
832 249 1065 291 alacritatis
1092 251 1257 290 vestrae
1284 247 1441 289 index?

86 315 159 355 ubi
191 314 263 356 ille
289 326 480 353 meorum
503 311 781 352 Macedonum
809 308 983 350 vultus?
1014 307 1113 349 Non
1142 322 1327 364 agnosco
1354 321 1442 358 vos,

86 373 255 426 milites,
288 385 364 412 nec
396 371 570 426 agnosci
603 369 749 410 videor
775 385 798 410 a
824 368 957 410 vobis.
1010 366 1167 408 Surdas
1195 367 1441 408 iamdudum

52 452 66 476 5
87 448 208 474 aures
235 432 372 486 pulso,
398 444 566 471 aversos
594 430 758 470 animos
786 431 826 469 et
854 428 1056 468 infractos
1079 428 1262 468 excitare
1283 426 1440 468 conor.’

19 498 64 532 11
88 491 279 544 Cumque
322 490 385 531 illi
426 490 470 530 in
510 492 664 531 terram
705 488 897 529 demissis
932 487 1143 540 capitibus
1178 490 1318 527 tacere
1350 500 1443 539 per·
1473 499 1513 528 31

88 553 346 592 severarent:
380 548 551 590 ‘Nescio
579 548 709 602 quid',
741 548 893 601 inquit,
926 547 985 586 ‘in
1016 561 1090 587 vos
1118 546 1350 600 inprudens
1377 544 1444 585 de-

88 611 208 664 liqui,
242 609 354 663 quod
387 622 454 648 me
486 622 539 649 ne
565 607 721 649 intueri
749 606 919 661 quidem
946 605 1087 646 vultis
1138 605 1188 646 In
1215 604 1444 647 solitudine

86 670 193 710 mihi
220 669 367 710 videor
393 682 493 709 esse.
544 666 683 708 Nemo
712 666 950 720 respondet,
976 680 1100 706 nemo
1129 665 1277 706 saltem
1304 666 1444 718 negat.

37 748 70 773 10
90 728 205 778 Quos
237 726 472 781 adloquor?
506 726 608 780 quid
635 729 775 767 autem
801 725 1003 779 postulo?
1041 722 1234 766 Vestram
1263 723 1445 779 gloriam
1473 736 1516 766 32

90 792 131 830 et
170 787 506 841 magnitudinem
543 785 817 827 vindicamus.
882 784 967 826 Ubi
1006 787 1106 825 sunt
1138 784 1219 837 illi,
1264 797 1445 837 quorum

89 850 301 889 certamen
341 845 468 900 paulo
509 848 606 886 ante
643 845 729 885 vidi
761 844 1127 897 contendentium,
1172 844 1246 897 qui
1277 841 1446 897 potissi-

89 922 207 948 mum
259 905 470 947 vulnerati
519 905 630 960 regis
682 918 836 957 corpus
888 903 1159 958 exciperent?
1230 902 1447 954 Desertus,

91 967 319 1008 destitutus
347 979 453 1018 sum,
483 964 680 1005 hostibus
708 963 886 1004 deditus.
939 961 1021 1003 Sed
1049 962 1163 1003 solus
1192 976 1361 1016 quoque
1388 961 1448 1001 ire
1476 974 1518 1004 33

37 1043 70 1070 15
91 1025 381 1080 perseverabo.
444 1022 611 1065 Obicite
649 1039 717 1065 me
755 1023 1004 1064 fluminibus
1047 1024 1088 1063 et
1120 1021 1257 1063 beluis
1290 1024 1330 1062 et
1364 1021 1447 1062 illis

92 1085 309 1141 gentibus,
350 1098 527 1138 quarum
560 1083 735 1124 nomina
767 1082 966 1123 horretis:
1010 1082 1242 1134 inveniam,
1275 1081 1346 1134 qui
1382 1079 1448 1120 de-

90 1147 249 1185 sertum
283 1159 306 1185 a
338 1143 459 1184 vobis
492 1145 735 1196 sequantur.
786 1141 970 1196 Scythae
997 1141 1298 1195 Bactrianique
1327 1141 1449 1180 erunt

92 1218 274 1251 mecum,
310 1203 454 1243 hostes
487 1203 614 1255 paulo
648 1204 758 1256 ante,
789 1215 903 1243 nunc
935 1201 1093 1241 milites
1126 1200 1274 1241 nostri
1338 1198 1447 1239 Mori
1477 1212 1521 1242 34

91 1265 280 1317 praestat
312 1277 439 1316 quam
471 1262 661 1316 precario
694 1262 996 1316 imperatorem
1029 1275 1129 1301 esse.
1185 1258 1249 1301 Ite
1275 1259 1449 1300 reduces

40 1341 73 1366 20
94 1323 258 1363 domos!
304 1322 362 1362 ite
402 1321 566 1361 deserto
605 1335 704 1375 rege
744 1321 937 1362 ovantes!
989 1319 1083 1374 Ego
1121 1319 1192 1361 hic
1224 1321 1297 1360 aut
1330 1318 1450 1358 vobis

94 1382 338 1435 desperatae
359 1381 559 1421 victoriae
582 1382 653 1420 aut
673 1380 876 1421 honestae
898 1380 1026 1420 morti
1046 1380 1185 1420 locum
1209 1377 1448 1420 inveniam?

94 1440 160 1482 Ne
193 1441 251 1481 sic
285 1439 455 1493 quidem
495 1439 572 1480 ulli
604 1438 791 1481 militum
824 1453 907 1480 vox
941 1439 1121 1492 exprimi
1154 1439 1305 1492 potuit.
1369 1436 1450 1477 Ex-
1474 1442 1526 1476 m

94 1499 342 1554 pectabant,
386 1501 433 1539 ut
466 1498 592 1539 duces
624 1499 922 1552 principesque
956 1498 1007 1538 ad
1039 1513 1183 1553 regem
1216 1497 1451 1552 perferrent

96 1559 342 1600 vulneribus
388 1561 429 1599 et
474 1558 677 1599 continuo
720 1558 865 1599 labore
904 1558 1081 1598 militiae
1123 1557 1326 1612 fatigatos
1367 1570 1454 1596 non

43 1637 75 1663 25
97 1619 329 1660 detrectare
367 1617 529 1669 munia,
573 1617 645 1658 sed
684 1618 892 1658 sustinere
931 1632 1016 1658 non
1058 1631 1193 1670 posse.
1258 1615 1452 1656 Ceterum

96 1678 161 1719 illi
204 1679 319 1718 metu
365 1676 537 1717 attoniti
584 1677 626 1717 in
670 1680 826 1718 terram
873 1691 945 1717 ora
991 1676 1235 1716 defixerant.
1316 1673 1454 1730 Igitur
1482 1688 1500 1716 2

96 1737 234 1791 primo
267 1736 463 1777 fremitus
493 1751 568 1776 sua
594 1739 757 1790 sponte,
790 1735 939 1777 deinde
966 1736 1151 1791 gemitus
1179 1748 1347 1788 quoque
1375 1733 1454 1774 ori-

97 1799 180 1849 tur,
205 1795 497 1849 paulatimque
523 1795 698 1837 liberius
725 1796 846 1837 dolor
873 1796 987 1850 egeri
1014 1795 1155 1848 coepit
1182 1793 1454 1834 manantibus

194 1942 213 1971 5
243 1936 403 1981 aversos]
432 1946 581 1970 auersus
608 1941 681 1971 FV.
757 1941 775 1970 6
804 1936 989 1981 demissis]
1011 1934 1174 1968 dimissis
1195 1938 1230 1968 P.
1308 1938 1324 1967 7
1354 1933 1456 1976 quid,

98 2009 236 2054 inquit]
272 2008 364 2052 quid
398 2006 530 2050 inquid
562 2012 605 2050 F,
641 1993 708 2052 hild
744 2007 826 2052 quit
861 2011 902 2050 Ρ,
938 2008 999 2041 sed
1027 1991 1095 2051 isid
1121 2007 1162 2040 in
1199 2016 1271 2040 ras.
1305 2016 1349 2038 m.
1388 2016 1455 2039 rec.

103 2061 143 2090 11
171 2055 406 2090 vindicamus
434 2056 654 2090 Frobenius:
681 2055 891 2089 indicamus
918 2057 956 2087 A.
1100 2057 1142 2088 12
1171 2052 1373 2097 certamen]
1401 2053 1456 2085 ta-

101 2115 183 2137 men
210 2107 245 2136 P.
345 2102 665 2148 contendentium]
694 2101 1003 2136 contendencium
1026 2105 1065 2135 V.
1186 2103 1228 2134 13
1255 2099 1457 2143 vulnerati]

103 2150 185 2184 uult
211 2150 333 2185 nerati
358 2155 384 2183 F
411 2163 454 2185 m.
475 2162 530 2194 pr.
656 2153 697 2184 16
726 2160 883 2193 quarum
915 2153 948 2182 1:
977 2160 1133 2191 quorum
1159 2151 1198 2181 A.
1323 2150 1366 2181 20
1393 2150 1459 2180 aut

101 2197 205 2231 vobis
233 2199 436 2233 Bentleius:
466 2210 486 2231 a
513 2197 618 2231 uobis
645 2201 684 2231 A.
785 2202 825 2230 21
855 2197 933 2241 aut]
962 2196 1054 2230 haut
1079 2200 1115 2237 L,
1143 2194 1243 2228 haud
1268 2198 1304 2228 P.
1392 2194 1458 2228 ho-

104 2245 246 2290 nestae]
273 2247 425 2280 onestae
451 2249 486 2278 L.
563 2249 606 2279 23
634 2244 854 2289 perferrent]
882 2243 1061 2287 perferret
1081 2247 1106 2276 P
1126 2255 1170 2277 m.
1188 2254 1245 2286 pr.
1323 2245 1366 2275 25
1395 2241 1457 2274 de-

103 2292 278 2337 trectare]
296 2292 503 2326 detractare
519 2296 545 2325 F
561 2304 671 2336 mpr.
693 2296 729 2324 P.
781 2291 902 2336 posse]
924 2302 1076 2335 possum
1091 2294 1115 2323 P
1136 2301 1250 2333 mpr.
1322 2292 1365 2322 26
1387 2288 1458 2333 illi]

106 2339 171 2374 ille
197 2343 223 2372 F
244 2351 287 2373 m.
307 2351 364 2383 pr.
385 2344 421 2374 P.
530 2343 573 2373 ‘28
601 2340 702 2384 egeri
732 2339 962 2374 Gebhardus:
991 2338 1084 2383 erigi
1111 2341 1149 2370 A.
