1610 2522
326 112 660 149 HISTORIARUM
690 113 971 147 ALEXANDRI
1001 112 1076 156 VII,
1106 118 1188 147 128.
1348 113 1431 155 237

79 223 191 277 (10οᾶ
219 223 461 277 horrebant,
493 224 795 278 cogitationem
825 223 1063 276 praesentia
1089 223 1179 264 eius
1207 226 1433 265 excuteret.

79 282 196 324 Laeti
236 297 337 337 ergo
377 286 418 324 et
450 282 722 324 manantibus
755 282 909 337 gaudio
942 283 1130 323 lacrimis
1164 284 1434 324 consalutant
1461 293 1479 321 5

79 357 173 383 eum
208 346 266 396 et,
299 342 412 396 quod
445 345 542 384 ante
574 344 872 383 recusaverant
904 341 1082 396 bellum,
1113 342 1274 383 feroces
1310 342 1433 396 depo-

78 405 211 443 scunt.
274 400 351 443 Ille
397 417 439 443 se
485 401 647 443 ratibus
694 402 881 455 equitem
921 400 1261 457 phalangemque
1299 405 1433 443 trans·
1461 412 1479 441 6

42 464 347 516 aportaturum
393 477 481 504 esse
525 462 792 516 pronuntiat,
844 475 970 515 super
1013 463 1128 502 utres
1174 461 1292 502 iubet
1333 477 1433 503 nare

76 521 211 562 levius
245 525 439 562 armatos.
491 521 619 562 Plura
652 535 727 562 nec
760 521 842 562 dici
876 535 942 561 res
975 520 1230 562 desideravit
1258 535 1333 562 nec
1359 536 1432 562 rex
1463 531 1479 560 7

77 580 216 622 dicere
254 596 329 634 per
366 581 643 623 valitudinem
684 581 834 634 potuit.
900 579 1096 621 Ceterum
1135 583 1256 621 tanta
1287 581 1432 622 alacri-

76 641 164 681 tate
203 641 385 682 militum
428 643 539 681 rates
573 641 740 681 iunctae
773 642 890 692 sunt,
935 643 981 680 ut
1014 640 1122 680 intra
1157 640 1346 681 triduum
1381 641 1432 680 ad

77 711 143 740 XII
174 700 291 741 milia
324 700 473 742 effecta
505 700 601 741 sint.
657 698 832 753 Iamque
866 699 917 739 ad
950 700 1256 740 transeundum
1291 701 1432 741 omnia
1460 710 1479 739 8

25 777 57 802 ιο
77 762 337 813 aptaverant,
369 774 462 801 cum
496 759 627 814 legati
656 758 912 812 Scytharum
940 770 1002 799 XX
1034 773 1152 800 more
1185 760 1324 815 gentis
1357 774 1433 814 per

78 821 213 860 castra
247 820 366 873 equis
399 819 508 860 vecti
541 819 738 859 nuntiare
770 818 919 859 iubent
950 819 1052 874 regi,
1092 821 1199 860 velle
1232 820 1347 873 ipsos
1381 819 1432 860 ad

77 893 172 919 eum
206 879 403 920 mandata
435 878 630 932 perferre.
693 878 883 918 Admissi
919 878 964 918 in
996 878 1316 920 tabernaculum
1349 878 1432 920 ius·
1460 889 1478 918 9

77 938 195 991 sique
229 939 446 979 considere
472 939 517 979 in
542 939 664 978 vultu
693 938 807 992 regis
836 937 1069 978 defixerant
1096 939 1261 979 oculus:
1296 938 1432 992 credo,

78 997 171 1051 quis
211 998 504 1053 magnitudine
543 997 734 1051 corporis
768 997 955 1038 animum
989 998 1312 1039 aestimantibus
1346 1013 1432 1038 mo-

24 1074 55 1099 15
77 1057 194 1098 dicus
226 1056 398 1098 habitus
424 1057 753 1111 haudquaquam
780 1057 916 1097 famae
944 1072 1019 1110 par
1047 1057 1279 1098 videbatur.
1333 1056 1432 1111 Scy-
1462 1068 1503 1097 10

75 1116 161 1157 this
195 1119 336 1158 autem
369 1132 473 1171 11011,
506 1119 554 1158 ut
585 1117 734 1158 ceteris
767 1116 977 1169 barbaris,
1020 1116 1136 1157 rudis
1170 1120 1211 1158 et
1244 1117 1432 1158 incondi-

77 1179 144 1216 tus
171 1191 317 1218 sensus
345 1180 424 1218 est:
453 1176 625 1230 quidam
647 1190 793 1217 eorum
815 1176 1066 1229 sapientiam
1093 1191 1262 1231 quoque
1283 1191 1432 1231 capere

77 1235 294 1289 dicuntur,
339 1238 726 1290 quantamcumque
765 1249 868 1290 gens
909 1236 1020 1289 capit
1060 1250 1227 1290 semper
1258 1239 1431 1277 armata.

77 1294 157 1348 Sic,
191 1310 297 1349 quae
328 1297 494 1337 locutos
528 1310 617 1336 esse
651 1295 761 1349 apud
789 1309 931 1349 regem
960 1297 1188 1337 memoriae
1215 1296 1431 1349 proditum
1461 1307 1501 1336 11

23 1372 56 1396 :¹0
77 1358 152 1405 est,
185 1354 418 1397 abhorrent
449 1355 631 1396 forsitan
662 1355 853 1395 moribus
875 1355 1189 1409 oratoribusque
1210 1356 1368 1396 nostris
1390 1359 1432 1396 et

77 1417 270 1468 tempora
309 1419 349 1456 et
385 1415 556 1470 ingenia
595 1414 775 1455 cultiora
815 1414 992 1455 sortitis.
1069 1413 1169 1467 Sed,
1202 1418 1250 1456 ut
1294 1416 1431 1469 possit

77 1473 212 1515 oratio
235 1488 381 1515 eorum
403 1475 557 1528 sperni,
578 1476 723 1514 tamen
742 1473 846 1514 fides
866 1477 1013 1514 nostra
1031 1488 1119 1514 non
1139 1474 1284 1515 debet:
1313 1489 1431 1528 quae,

4 1537 54 1572 34
76 1535 306 1587 utcumque
339 1536 437 1574 sunt
469 1533 642 1586 tradita,
675 1534 923 1586 incorrupta
956 1533 1231 1586 proferemus.
1292 1533 1433 1589 Igitur
1461 1545 1500 1574 12¹

75 1607 207 1633 unum
248 1608 297 1633 ex
337 1593 403 1634 his
442 1593 675 1634 maximum
711 1596 814 1633 natu
846 1593 1037 1633 locutum
1078 1594 1335 1648 accepimus:
1370 1592 1430 1634 ‘Si

22 1671 54 1694 *25
77 1651 118 1691 di
163 1651 357 1693 habitum
400 1653 590 1706 corporis
635 1652 697 1692 tui
743 1652 937 1693 aviditati
983 1653 1114 1692 animi
1159 1668 1303 1706 parem
1341 1667 1431 1694 esse

78 1712 321 1765 voluissent,
355 1711 468 1753 orbis
495 1714 537 1752 te
562 1726 648 1753 non
675 1714 860 1765 caperet:
894 1713 1026 1752 altera
1054 1726 1179 1752 manu
1202 1711 1431 1766 Orientem,

173 1859 189 1887 1
218 1853 421 1898 excuteret]
449 1854 662 1886 excuterent
688 1856 723 1886 P.
847 1856 867 1885 4
894 1852 1209 1899 phalangemque]
1237 1853 1430 1897 falangen-

76 1911 147 1944 que
167 1904 205 1934 V.
307 1905 325 1934 5
352 1900 587 1945 pronuntiat]
614 1899 855 1944 proenuntiat
875 1903 912 1941 P,
938 1901 1161 1943 pronunciat
1181 1905 1216 1934 L.
1317 1905 1335 1934 6
1363 1912 1429 1935 nec

75 1948 152 1993 rex]
173 1959 235 1982 rex
257 1952 292 1982 P.
368 1952 388 1982 8
410 1948 524 1983 intra
545 1949 690 1992 scripsi:
712 1947 750 1980 in
771 1950 808 1980 A,
887 1950 905 1979 9
934 1947 1066 1983 effecta
1086 1952 1127 1982 P:
1151 1948 1303 1983 effectae
1326 1952 1357 1982 C.

75 1996 122 2029 ad
136 1996 419 2041 transeundum]
436 2007 457 2029 a
469 1995 738 2029 transeundum
753 1999 784 2027 C.
863 1998 905 2027 10
928 1994 1163 2041 Scythamm]
1179 1997 1381 2030 scitharum
1398 2000 1429 2030 C.

78 2048 117 2076 11
146 2044 332 2089 nuntiare]
359 2043 533 2079 nunciare
560 2046 599 2076 V.
715 2046 757 2076 12
786 2042 964 2088 Admissi]
993 2043 1125 2077 admisi
1151 2047 1176 2076 P
1204 2044 1369 2078 ammissi
1389 2048 1428 2078 V.

78 2095 119 2123 15
148 2090 297 2124 habitus
324 2092 534 2125 Acidale'us:
564 2090 708 2124 animus
734 2093 773 2123 A.
864 2089 1171 2136 haudquaquam]
1198 2091 1430 2135 haudquam-

76 2149 185 2180 quam
213 2143 234 2171 C
261 2139 596 2184 [hautquamquam
622 2138 679 2182 V].
756 2136 920 2182 Scythis]
949 2138 1078 2172 scithis
1105 2143 1137 2172 C.
1215 2143 1256 2172 17
1285 2139 1430 2183 sapien—

76 2185 164 2218 tiam
188 2197 334 2229 quoque
354 2190 396 2220 P:
418 2185 642 2230 sapientiam
657 2189 689 2218 G.
768 2188 809 2217 19
832 2183 902 2225 Sic,
925 2197 1019 2228 quae
1040 2187 1231 2221 Halmius:
1254 2186 1380 2229 sicque
1396 2191 1430 2225 c,

76 2232 107 2265 81
133 2244 206 2276 qua
226 2237 261 2266 P.
361 2232 520 2278 locutos]
547 2233 693 2266 locutus
720 2235 779 2264 FP
800 2243 843 2266 m.
861 2243 918 2275 pr.
1019 2237 1062 2267 20
1090 2234 1428 2277 oratoribusque

74 2281 219 2324 scripsi:
242 2291 313 2324 que
333 2284 371 2314 A.
449 2284 491 2315 23
512 2280 726 2323 incorrupta
747 2291 813 2313 om.
828 2283 854 2311 F
876 2291 918 2312 m.
937 2293 994 2324 pr.
1068 2281 1297 2325 proferemus
1317 2282 1428 2316 Bent-

77 2328 182 2361 zeias:
210 2328 437 2371 perferemus
464 2332 502 2362 A.
577 2327 712 2372 Igitur]
740 2327 824 2360 hinc
853 2327 1037 2372 incipiunt
1062 2334 1227 2373 excerpta
1256 2329 1424 2363 Rhenan-

74 2376 225 2419 gJiervsz'a.
325 2379 368 2408 25
397 2375 435 2408 di
461 2379 538 2409 PR:
567 2374 619 2408 dii
647 2379 678 2407 c.
780 2373 952 2409 aviditati
979 2379 1011 2408 1:
1041 2375 1236 2409 auiditatis
1263 2379 1339 2410 AR.
