1610 2522
63 280 106 309 32

63 932 102 963 34

136 100 161 140 2
168 100 188 140 1
195 100 222 139 O
641 99 680 141 Q.
709 98 734 134 C
740 99 851 133 URTI
878 99 991 134 RUFI

135 207 331 262 pluribus
376 208 500 262 pauci
547 211 857 262 remanserunt,
906 208 996 262 qui,
1042 208 1190 249 saltem
1245 210 1292 248 ut
1337 222 1491 262 corpus

135 268 238 321 ipsis
272 267 451 321 sepelire
490 267 797 321 permitterent,
823 267 1114 321 precabantur.
1173 267 1258 309 Diu
1291 267 1334 308 id
1365 282 1489 323 nega-

136 330 226 367 tum
259 330 323 367 est
358 325 553 367 Cleandri
588 330 715 377 metu,
748 341 798 367 ne
833 327 1065 368 offenderet
1096 341 1251 383 regem.
1302 326 1490 368 Pertina—

135 386 225 427 cius
259 386 407 426 deinde
441 386 712 440 precantibus
750 386 969 427 materiem
1004 386 1360 428 consternationis
1394 386 1490 427 sub-

134 444 382 486 trahendam
404 448 520 486 ratus
543 445 680 499 capite
701 445 842 486 deciso
863 448 1062 487 truncum
1082 445 1259 487 humare
1279 445 1489 500 permisit:
1529 464 1545 488 5

135 504 185 545 ad
219 518 361 559 regem
396 507 525 559 caput
555 505 732 545 missum
767 507 842 545 est.

224 563 305 604 Hic
338 564 476 605 exitus
504 564 796 605 Parmenionis
829 564 922 617 fuit,
956 564 1132 606 militiae
1164 563 1362 618 domique
1389 563 1491 605 clari

135 623 225 663 viri.
289 622 427 664 Multa
471 623 559 664 sine
604 637 703 678 rege
747 638 965 677 prospere,
1010 638 1083 664 rex
1128 624 1218 665 sine
1263 623 1337 665 illo
1383 622 1491 664 nihil

134 696 311 735 magnae
350 683 412 723 rei
453 686 653 738 gesserat.
717 682 981 724 Felicissimo
1021 684 1110 738 regi
1144 686 1185 724 et
1227 681 1316 739 [ad]
1349 682 1493 724 omnia

133 741 185 781 ad
217 742 415 782 fortunae
449 757 548 783 suae
581 742 768 798 exigenti
805 742 978 783 modum
1013 742 1233 784 satisfecit.
1298 753 1390 782 LXX
1422 757 1493 783 na·
1513 760 1547 785 10

133 803 201 841 tus
234 816 368 843 annos
401 801 566 842 iuvenis
600 801 719 844 ducis
751 804 792 843 et
819 816 943 856 saepe
976 802 1103 843 etiam
1131 802 1317 857 gregarii
1342 801 1492 842 militis

133 860 279 901 munia
317 860 521 914 explevit:
567 875 662 902 acer
704 861 901 915 consilio,
946 876 1075 902 manu
1107 864 1326 914 strenuus,
1371 875 1492 902 carus

133 919 414 975 principibus,
447 920 577 976 vulgo
610 920 797 961 militum
829 921 1054 975 acceptior.
1109 920 1225 962 Haec
1258 920 1493 974 inpulerint

133 979 254 1020 illum
299 979 352 1020 ad
397 980 516 1035 regni
559 980 838 1034 cupiditatem
872 995 926 1021 an
957 983 1123 1021 tantum
1160 982 1404 1034 suspectum
1438 980 1492 1020 fe-

134 1039 282 1092 cerint,
314 1038 475 1094 ambigi
502 1042 656 1093 potest,
688 1040 799 1093 quia,
825 1039 1019 1081 Philotas
1045 1039 1209 1080 ultimis
1236 1039 1493 1080 cruciatibus
1515 1056 1547 1082 ιε

132 1098 271 1139 victus
304 1112 458 1139 verane
491 1098 658 1152 dixerit,
691 1114 798 1153 quae
830 1098 943 1139 facta
973 1098 1143 1153 probari
1173 1113 1257 1140 non
1284 1101 1494 1153 poterant,

133 1172 186 1198 an
230 1157 350 1199 falsis
395 1160 708 1200 tormentorum
753 1158 926 1213 petierit
958 1159 1107 1212 finem,
1152 1173 1197 1199 re
1231 1172 1400 1212 quoque
1431 1172 1493 1199 re-

135 1218 259 1270 centi,
293 1231 389 1258 cum
421 1217 558 1272 magis
592 1219 736 1272 posset
767 1218 942 1272 liquere,
976 1217 1217 1258 dubitatum
1252 1220 1327 1258 est.

224 1275 487 1331 Alexander,
532 1291 638 1331 quos
682 1277 814 1318 libere
855 1280 1037 1319 mortem
1070 1276 1365 1318 Parmenionis
1398 1291 1494 1318 con-
1518 1280 1566 1315 10

135 1339 308 1390 questos
351 1350 441 1377 esse
474 1339 743 1390 conpererat,
788 1336 1044 1390 separandos
1078 1352 1101 1377 a
1134 1339 1272 1377 cetero
1306 1337 1493 1378 exercitu
1515 1353 1549 1378 20

132 1398 251 1436 ratus
285 1395 330 1436 in
362 1410 491 1436 unam
524 1395 742 1437 cohortem
777 1396 957 1437 secrevit
989 1395 1223 1450 ducemque
1250 1395 1317 1436 his
1344 1394 1494 1437 Leoni-

133 1454 227 1495 dam
272 1455 405 1510 dedit,
451 1457 493 1495 et
525 1456 665 1509 ipsum
698 1455 972 1497 Parmenioni
1005 1455 1218 1509 quondam
1253 1454 1404 1496 intima
1436 1455 1494 1495 fa-

60 1528 103 1557 30·
131 1514 381 1555 miliaritate
416 1515 703 1557 coniunctum.
755 1514 857 1556 Fere
889 1515 1000 1556 idem
1033 1517 1163 1565 erant,
1198 1528 1304 1568 quos
1333 1514 1493 1567 alioqui

131 1588 204 1615 rex
243 1573 464 1621 habuerat
501 1573 673 1615 invisos.
734 1573 845 1615 Nam
885 1588 980 1615 cum
1013 1574 1195 1628 experiri
1229 1575 1356 1615 vellet
1388 1573 1496 1615 mili-

131 1636 222 1673 tum
255 1633 442 1695 animos
477 1633 709 1700 admonuit,
742 1634 815 1687 qui
846 1634 1010 1675 litteras
1042 1634 1087 1674 in
1118 1632 1410 1674 Macedoniam
1443 1632 1495 1674 ad
1514 1650 1548 1676 25

130 1707 230 1733 suos
257 1675 518 1746 scripsisset,
552 1693 616 1746 iis,
649 1707 755 1747 quos
782 1693 873 1746 ipse
899 1692 1110 1745 mittebat,
1144 1692 1370 1746 perlaturis
1398 1707 1495 1734 cum

228 1789 247 1819 ⁶2.
275 1784 368 1829 ipsis
404 1786 525 1830 Ῑομιῖῑ
555 1786 672 1829 ipsius
699 1789 737 1818 A.
837 1785 892 1831 id]
919 1786 949 1820 it
975 1789 1011 1820 F.
1112 1784 1344 1830 {Cleandrfl
1372 1785 1493 1819 clean-

131 1832 197 1866 dro
219 1836 255 1867 P.
333 1832 580 1879 Pertinacius]
594 1833 821 1877 pertinatius
836 1837 906 1867 FP.
976 1837 997 1867 4
1018 1832 1257 1877 precantibus
1279 1837 1318 1866 C:
1339 1843 1494 1877 pergen-

129 1880 229 1914 tibus
244 1884 279 1913 P.
356 1880 666 1932 subtrahendam]
689 1880 955 1914 subtraendam
978 1884 1013 1914 P.
1090 1884 1109 1914 6
1132 1881 1261 1925 caput]
1283 1880 1405 1923 capud
1420 1883 1491 1914 FP.

134 1932 148 1960 ῖ
179 1927 451 1973 Parmenionis]
473 1927 748 1972 parmoenlonis
769 1931 804 1962 B.
882 1931 902 1960 8
928 1927 993 1961 illo
1014 1931 1048 1962 1:
1075 1927 1152 1961 ullo
1173 1930 1288 1967 FPV,
1312 1926 1399 1962 *illo
1420 1930 1491 1961 131..

129 1981 148 2007 2⁵
177 1977 214 2009 et
247 1976 371 2009 omnia
400 1976 540 2009 Lauer:
577 1976 613 2009 et
647 1975 693 2009 ad
726 1975 848 2009 omnia
877 1978 916 2008 A.
1065 1979 1105 2008 11
1136 1974 1268 2019 annos]
1303 1985 1432 2008 amnos
1455 1978 1492 2008 L.

130 2026 172 2056 12
201 2023 327 2058 munia
347 2027 379 2056 1:
408 2022 513 2056 milia
533 2027 569 2064 P,
597 2022 773 2056 militiam
795 2027 827 2056 C.
928 2022 1092 2066 explevit
1112 2022 1403 2057 I<'1·ee'nslwmius:
1432 2032 1492 2057 ex-

128 2069 263 2113 plicuit
289 2073 328 2104 A.
440 2070 568 2115 manu]
596 2080 727 2104 manus
754 2074 789 2103 P.
915 2069 1102 2115 strenuus]
1130 2073 1298 2104 strenues
1325 2073 1350 2102 P
1371 2081 1491 2114 mpr.

132 2122 173 2150 14
194 2117 358 2163 tantum]
379 2119 541 2152 tantium
554 2121 588 2151 P.
655 2122 697 2151 15
719 2117 903 2162 Philotas]
919 2117 1213 2161 phylotasBLV.
1291 2120 1333 2150 16
1355 2116 1489 2162 victus]

132 2165 244 2199 uictis
264 2169 303 2198 V.
381 2169 423 2199 18
451 2165 570 2209 magis
594 2166 734 2199 Lauer:
762 2165 908 2209 magnis
930 2168 968 2197 A.
1045 2164 1116 2210 est]
1144 2166 1200 2197 est
1221 2167 1255 2197 P.
1334 2167 1376 2197 19
1403 2163 1490 2198 Par-

131 2212 329 2259 menionis]
358 2213 632 2256 parmoenionis
663 2215 698 2245 B.
812 2216 854 2246 22
885 2211 1138 2257 Parmenioni]
1170 2211 1425 2256 parmoenioni
1453 2214 1489 2246 B.

131 2263 173 2292 23
203 2262 308 2293 erant
329 2264 362 2293 1:
391 2263 514 2294 ertant
540 2263 578 2294 A.
655 2260 761 2306 quos]
790 2259 890 2303 quod
916 2264 952 2293 L.
1029 2258 1168 2302 alioqui
1196 2263 1239 2292 P:
1267 2258 1434 2302 alioquin
1457 2263 1489 2292 c.

132 2311 174 2340 25
203 2307 399 2341 admonuit
424 2311 458 2341 1:
487 2307 654 2342 admouit
677 2310 715 2340 A.
811 2311 853 2341 26
881 2307 928 2341 iis
964 2306 1196 2341 Vindeliuus:
1225 2306 1254 2340 si
1276 2309 1315 2339 A.
1408 2318 1490 2350 per-

132 2354 261 2388 laturis
297 2354 529 2389 landelinus:
557 2354 766 2399 perlaturus
795 2358 831 2388 A.
934 2366 1016 2389 cum
1043 2354 1115 2388 fide
1142 2358 1174 2387 1:
1204 2353 1345 2388 confide
1373 2356 1412 2388 A.
