1610 2522
154 103 235 143 174
648 104 688 145 Q.
717 103 859 138 ‹JURTI
887 104 999 138 RUFI

149 228 241 268 gas:
294 213 494 254 bellicosa
538 213 652 254 natio
698 216 772 254 est.
848 212 1047 267 Satrapes
1098 217 1185 254 erat
1239 213 1503 268 Barzaentes‚

149 272 319 313 sceleris
347 273 389 313 in
412 286 552 327 regem
575 287 698 313 51111111
723 273 935 326 particeps
956 272 1103 313 Besso:
1124 273 1159 313 is
1181 272 1503 327 suppliciorum,

148 346 255 385 quae
288 335 511 385 mei-,uerat
544 335 658 373 metu
692 331 886 386 profugit
916 331 958 372 in
991 330 1168 372 Indiam.

60 394 126 429 VH
238 390 325 431 Iam
359 405 521 432 nonum
549 391 659 432 diem
688 391 842 432 stativa
863 394 994 445 erant,
1027 405 1121 432 cum
1149 394 1322 432 externa
1343 391 1382 432 vi
1417 405 1503 432 non
1522 394 1573 430 25

149 454 266 491 tutus
305 440 431 492 modo
465 465 557 504 rex,
599 450 671 491 sed
709 451 894 491 invictus
934 425 1135 492 intestino
1170 450 1358 492 facinore
1390 453 1501 504 pete·
1541 469 1556 493 5

99 520 118 550 2
149 509 788 564 1131111.1)111111115,1110(11030
829 510 942 564 apud
979 524 1122 565 regem
1163 509 1430 551 auctoritatis
1463 513 1504 551 et

146 569 325 624 gratiae,
371 571 544 623 exoleti,
596 570 664 611 cui
701 568 962 611 Nicomacho
1008 572 1098 610 erat
1140 583 1315 622 nomen,
1359 583 1503 611 amore

99 640 117 668 3
147 628 357 683 flagrabat
389 629 593 682 obsequio
626 630 700 670 uni
733 629 815 670 sibi
840 628 972 670 dediti
1000 629 1191 683 corporis
1224 630 1404 670 vinctus.
1449 627 1504 682 IS,

148 688 261 742 quod
282 703 333 729 ex
359 689 481 729 vultu
509 702 679 742 quoque
705 688 893 742 perspici
926 691 1107 754 poterat,
1140 687 1290 729 similis
1318 689 1502 729 attonito

146 748 319 789 remotis
353 747 525 789 arbitris
559 762 653 789 cum
682 748 834 789 iuvene
854 748 1058 789 secessit
1048 762 1093 788 in
1117 747 1324 801 templum
1353 761 1557 790 arcanam

98 818 117 847 4
147 821 189 848 se
226 810 267 848 et
300 806 462 848 silenda
494 807 658 848 adferre
690 808 906 861 praefatus
940 821 1278 861 suspensumque
1310 810 1502 873 expecta-

145 866 261 908 tione
288 881 363 921 per
383 870 577 908 mutuam
605 867 825 908 caritatem
854 869 896 907 et
922 867 1102 922 pignora
1130 866 1353 920 utriusque
1373 866 1503 907 animi

144 930 289 983 rogat,
331 929 379 967 ut
411 926 607 967 adfirmet
638 926 929 980 iureiurando,
971 940 1078 980 quae
1111 925 1412 978 commisisset,
1449 925 1503 966 si-

97 997 116 1026 5
144 985 277 1027 lentio
311 1000 402 1026 esse
434 988 660 1027 tecturum.
722 984 781 1026 Et
813 985 885 1027 ille
916 988 1033 1026 ratus
1064 985 1193 1038 nihil,
1228 985 1341 1038 quod
1374 958 1501 1026 etiam

146 1060 241 1087 cum
276 1045 464 1099 periurio
498 1045 780 1101 detegendum
807 1046 930 1098 foret,
962 1045 1245 1086 indicaturum
1280 1059 1355 1098 per
1386 1058 1504 1100 prae-
1523 1061 1556 1087 15

98 1117 116 1147 6
146 1108 286 1146 sentes
332 1104 433 1145 deos
478 1104 601 1145 iurat.
674 1104 782 1145 Tum
828 1104 1027 1158 Dymnus
1067 1104 1203 1158 aperit
1242 1105 1283 1144 in
1329 1103 1502 1145 tertium

145 1164 256 1205 diem
282 1165 373 1220 regi
400 1163 576 1206 insidias
598 1167 848 1218 conparatas
869 1179 998 1218 seque
1018 1164 1108 1205 eius
1129 1163 1295 1205 consilii
1316 1162 1502 1204 fortibus

98 1235 115 1264 7
143 1224 246 1265 viris
258 1226 301 1264 et
318 1223 572 1265 inlustribus
593 1237 683 1264 esse
703 1224 965 1278 participem.
1010 1221 1172 1272 Quibus
1192 1223 1357 1264 iuvenis
1389 1222 1503 1263 audi-

142 1284 198 1324 tis
239 1297 282 1323 se
315 1298 414 1324 vero
452 1283 579 1324 fidem
623 1283 667 1324 in
699 1283 927 1337 parricidio
960 1283 1124 1324 dedisse
1157 1285 1401 1323 constanter
1433 1281 1502 1323 ab·

143 1343 237 1383 nuit
262 1357 340 1384 nec
365 1343 453 1384 ulla
473 1342 694 1397 religione,
720 1345 769 1384 ut
789 1343 926 1384 scelus
946 1345 1076 1398 tegat,
1102 1355 1226 1396 posse
1253 1341 1501 1398 constringi.
1520 1358 1555 1384 20

95 1413 114 1443 S
143 1402 341 1456 Dymnus
385 1405 428 1443 et
469 1417 613 1443 amore
657 1405 699 1443 et
743 1405 859 1444 metu
901 1416 1046 1443 amens
1084 1401 1300 1442 dexteram
1345 1400 1501 1441 exoleti

144 1461 377 1516 conplexus
419 1466 460 1502 et
508 1461 734 1503 lacrimans
777 1476 895 1503 orare
936 1462 1140 1515 primum,
1189 1464 1238 1501 ut
1286 1460 1501 1515 particeps

95 1533 114 1561 9
144 1521 311 1563 consilii
358 1521 583 1575 operisque
620 1521 761 1562 fieret:
807 1522 842 1562 si
880 1520 924 1561 id
965 1521 1173 1561 sustinere
1214 1534 1301 1561 non
1345 1522 1501 1573 posset,

143 1584 330 1621 attamen
363 1595 416 1621 ne
442 1579 640 1634 proderet
668 1595 723 1634 se,
756 1581 876 1622 cuius
904 1594 1005 1635 erga
1024 1580 1164 1634 ipsum
1187 1578 1499 1620 benivolentiae

142 1643 310 1694 praeter
352 1640 434 1680 alia
473 1639 554 1680 hoc
593 1654 764 1694 quoque
800 1639 978 1681 haberet
1015 1639 1299 1680 fortissimum
1330 1639 1553 1694 pignuS,25

143 1700 256 1752 quod
296 1701 424 1753 caput
462 1713 585 1740 suum
618 1699 883 1753 permisisset
923 1699 1023 1740 fidei
1069 1698 1204 1739 adhue
1243 1698 1497 1751 inexpertae.

72 1771 114 1800 1⁴»
142 1759 210 1799 Ad
242 1760 440 1799 ultimum
469 1759 653 1799 aversari
681 1760 817 1800 scelus
847 1761 1187 1812 perseverantem
1207 1757 1356 1798 mortis
1382 1760 1498 1797 metu

142 1821 292 1858 terret:
327 1817 378 1858 ab
413 1818 486 1858 illo
522 1818 660 1872 capite
688 1818 933 1860 coniuratos
965 1817 1299 1872 pulcherrimum
1332 1816 1498 1857 facinus

71 1890 110 1918 11
142 1877 428 1918 incohaturos.
493 1876 612 1918 Alias
654 1877 803 1917 deinde
837 1878 1125 1918 effeminatum
1162 1878 1203 1916 et
1235 1875 1500 1916 muliebriter

239 2035 254 2063 1
284 2030 508 2063 Barzaentes
537 2029 705 2063 Modius:
741 2028 959 2062 barzac—uses
985 2033 1010 2062 P
1033 2041 1075 2063 m.
1095 2040 1167 2073 pr„
1192 2027 1437 2062 barzanenses
1465 2031 1497 2061 C.

142 2081 160 2111 6
188 2077 372 2122 Dvmnus]
400 2076 548 2110 dimnus
575 2080 610 2110 F.
713 2080 729 2109 'a'
759 2075 910 2121 exoleti]
937 2075 1097 2110 ex*oleti
1123 2079 1159 2108 P.
1269 2074 1497 2109 Nicomacho

141 2125 277 2159 Aldus:
311 2123 555 2158 nichomacho
582 2127 623 2165 P
651 2123 868 2158 nichomaco
896 2128 928 2157 c.
1052 2131 1071 2155 ὅ
1099 2122 1293 2168 obsequio]
1326 2122 1497 2166 obsiquio

141 2176 166 2205 P
189 2185 231 2206 m.
247 2184 306 2216 pr.
416 2171 466 2217 Is]
492 2171 547 2205 *is
573 2175 609 2204 P.
724 2176 761 2205 11
793 2171 953 2216 silenda]
981 2170 1116 2204 51101113
1141 2174 1166 2203 P
1187 2182 1230 2204 m.
1247 2182 1320 2214 pr.
1347 2169 1498 2204 silentia

140 2223 212 2254 LV
299 2223 338 2254 13
367 2219 533 2271 silentio]
561 2218 712 2253 silentiu
732 2222 757 2252 P
777 2230 820 2252 m.
841 2230 896 2262 pr.
974 2222 1015 2252 16
1043 2217 1227 2263 Dymnus]
1255 2209 1402 2251 dininus
1422 2220 1495 2251 LV.

144 2270 185 2301 18
207 2266 365 2313 Quibus]
387 2278 450 2310 qui
471 2270 496 2299 P
518 2269 755 2310 111.]11·.25
777 2265 1037 2311 fortissimum]
1058 2265 1309 2300 sontissimum
1329 2268 1354 2297 P
1374 2276 1418 2298 m.
1437 2275 1495 2309 pr.

142 2318 184 2347 ‘213
213 2314 444 2359 inexpeitae]
467 2315 619 2358 exparte
639 2317 664 2346 P
686 2325 727 2347 m.
744 2325 803 2358 pr.
903 2317 947 2347 28
975 2312 1203 2358 coniuratos]
1231 2312 1445 2346 coniuratus
1470 2315 1497 2345 P

140 2374 184 2395 m.
207 2375 260 2405 [ν.
380 2365 422 2395 29
450 2361 688 2395 incohaturos
716 2361 850 2396 Aldu-s:
893 2361 1102 2395 incoaturos
1130 2363 1166 2396 P.
1197 2359 1436 2394 inchoaturos
1462 2363 1495 2393 c.
