<?xml version="1.0" encoding="UTF-8"?>
<!DOCTYPE html PUBLIC "-//W3C//DTD XHTML 1.0 Transitional//EN"
    "http://www.w3.org/TR/xhtml1/DTD/xhtml1-transitional.dtd">
<html xmlns="http://www.w3.org/1999/xhtml" xml:lang="en" lang="en">
 <head>
  <title>
</title>
<meta http-equiv="Content-Type" content="text/html;charset=utf-8" />
  <meta name='ocr-system' content='tesseract 3.04.00' />
  <meta name='ocr-capabilities' content='ocr_page ocr_carea ocr_par ocr_line ocrx_word'/>
</head>
<body>
  <div class='ocr_page' id='page_1' title='image "./historiaealexand00curtuoft_0329.png"; bbox 0 0 1610 2522; ppageno 0'>
   <div class='ocr_carea' id='block_1_1' title="bbox 339 133 1442 177">
    <p class='ocr_par' dir='ltr' id='par_1_1' title="bbox 339 133 1442 177">
     <span class='ocr_line' id='line_1_1' title="bbox 339 133 1442 177; baseline -0.004 -7"><span class='ocrx_word' id='word_1_1' title='bbox 339 135 673 171; x_wconf 68' lang='lat' dir='ltr'>HISTORIARUM</span> <span class='ocrx_word' id='word_1_2' title='bbox 701 134 984 168; x_wconf 70' lang='lat' dir='ltr'><strong>ALEXANDRI</strong></span> <span class='ocrx_word' id='word_1_3' title='bbox 1014 133 1123 177; x_wconf 76' lang='lat' dir='ltr'>VHH,</span> <span class='ocrx_word' id='word_1_4' title='bbox 1152 139 1181 167; x_wconf 73' lang='lat'>⁴2.</span> <span class='ocrx_word' id='word_1_5' title='bbox 1357 133 1442 172; x_wconf 73' lang='lat'>315</span> 
     </span>
    </p>
   </div>
   <div class='ocr_carea' id='block_1_2' title="bbox 35 242 1518 1962">
    <p class='ocr_par' dir='ltr' id='par_1_2' title="bbox 88 242 1514 478">
     <span class='ocr_line' id='line_1_2' title="bbox 89 242 1442 300; baseline -0.004 -14"><span class='ocrx_word' id='word_1_6' title='bbox 89 246 364 300; x_wconf 80' lang='lat' dir='ltr'>equitumque</span> <span class='ocrx_word' id='word_1_7' title='bbox 401 245 650 287; x_wconf 73' lang='lat' dir='ltr'>numeravit.</span> <span class='ocrx_word' id='word_1_8' title='bbox 715 242 824 284; x_wconf 86' lang='lat' dir='ltr'>Nam</span> <span class='ocrx_word' id='word_1_9' title='bbox 862 243 1039 294; x_wconf 87' lang='lat' dir='ltr'>flumen,</span> <span class='ocrx_word' id='word_1_10' title='bbox 1084 257 1167 296; x_wconf 92' lang='lat' dir='ltr'>quo</span> <span class='ocrx_word' id='word_1_11' title='bbox 1213 242 1340 282; x_wconf 85' lang='lat' dir='ltr'>latius</span> <span class='ocrx_word' id='word_1_12' title='bbox 1380 242 1442 282; x_wconf 86' lang='lat' dir='ltr'>fu-</span> 
     </span>
     <span class='ocr_line' id='line_1_3' title="bbox 88 301 1442 360; baseline -0.003 -15"><span class='ocrx_word' id='word_1_13' title='bbox 88 320 182 346; x_wconf 90' lang='lat' dir='ltr'>sum</span> <span class='ocrx_word' id='word_1_14' title='bbox 217 308 297 358; x_wconf 81' lang='lat' dir='ltr'>est,</span> <span class='ocrx_word' id='word_1_15' title='bbox 333 304 414 348; x_wconf 91' lang='lat' dir='ltr'>hoc</span> <span class='ocrx_word' id='word_1_16' title='bbox 445 304 654 360; x_wconf 89' lang='lat' dir='ltr'>placidius</span> <span class='ocrx_word' id='word_1_17' title='bbox 688 305 873 358; x_wconf 78' lang='lat' dir='ltr'>stagnat:</span> <span class='ocrx_word' id='word_1_18' title='bbox 920 302 1078 356; x_wconf 90' lang='lat' dir='ltr'>quippe</span> <span class='ocrx_word' id='word_1_19' title='bbox 1111 302 1303 357; x_wconf 82' lang='lat' dir='ltr'>angustis</span> <span class='ocrx_word' id='word_1_20' title='bbox 1337 301 1442 354; x_wconf 86' lang='lat' dir='ltr'>ripis</span> 
     </span>
     <span class='ocr_line' id='line_1_4' title="bbox 88 361 1442 420; baseline -0.004 -14"><span class='ocrx_word' id='word_1_21' title='bbox 88 365 270 406; x_wconf 87' lang='lat' dir='ltr'>coercita</span> <span class='ocrx_word' id='word_1_22' title='bbox 297 367 338 405; x_wconf 91' lang='lat' dir='ltr'>et</span> <span class='ocrx_word' id='word_1_23' title='bbox 365 365 406 405; x_wconf 89' lang='lat' dir='ltr'>in</span> <span class='ocrx_word' id='word_1_24' title='bbox 436 364 725 420; x_wconf 87' lang='lat' dir='ltr'>angustiorem</span> <span class='ocrx_word' id='word_1_25' title='bbox 751 361 917 403; x_wconf 83' lang='lat' dir='ltr'>alveum</span> <span class='ocrx_word' id='word_1_26' title='bbox 946 361 1049 402; x_wconf 85' lang='lat' dir='ltr'>elisa</span> <span class='ocrx_word' id='word_1_27' title='bbox 1074 364 1284 402; x_wconf 82' lang='lat' dir='ltr'>torrentes</span> <span class='ocrx_word' id='word_1_28' title='bbox 1312 374 1442 414; x_wconf 85' lang='lat' dir='ltr'>aquas</span> 
     </span>
     <span class='ocr_line' id='line_1_5' title="bbox 88 419 1514 478; baseline -0.003 -14"><span class='ocrx_word' id='word_1_29' title='bbox 88 423 308 478; x_wconf 88' lang='lat' dir='ltr'>invehunt,</span> <span class='ocrx_word' id='word_1_30' title='bbox 339 427 486 466; x_wconf 85' lang='lat' dir='ltr'>contra</span> <span class='ocrx_word' id='word_1_31' title='bbox 518 423 655 477; x_wconf 89' lang='lat' dir='ltr'>spatio</span> <span class='ocrx_word' id='word_1_32' title='bbox 690 422 797 462; x_wconf 77' lang='lat' dir='ltr'>alvei</span> <span class='ocrx_word' id='word_1_33' title='bbox 824 421 995 475; x_wconf 78' lang='lat' dir='ltr'>segnior</span> <span class='ocrx_word' id='word_1_34' title='bbox 1022 435 1169 462; x_wconf 86' lang='lat' dir='ltr'>cursus</span> <span class='ocrx_word' id='word_1_35' title='bbox 1198 423 1271 461; x_wconf 90' lang='lat' dir='ltr'>est.</span> <span class='ocrx_word' id='word_1_36' title='bbox 1321 419 1442 460; x_wconf 89' lang='lat' dir='ltr'>Prae·</span> <span class='ocrx_word' id='word_1_37' title='bbox 1473 434 1514 464; x_wconf 73' lang='lat'>18</span> 
     </span>
    </p>

    <p class='ocr_par' dir='ltr' id='par_1_3' title="bbox 52 480 1444 655">
     <span class='ocr_line' id='line_1_6' title="bbox 52 480 1444 538; baseline -0.003 -14"><span class='ocrx_word' id='word_1_38' title='bbox 52 500 66 525; x_wconf 87' lang='lat'>5</span> <span class='ocrx_word' id='word_1_39' title='bbox 88 486 202 524; x_wconf 86' lang='lat' dir='ltr'>terea</span> <span class='ocrx_word' id='word_1_40' title='bbox 234 484 276 524; x_wconf 92' lang='lat' dir='ltr'>in</span> <span class='ocrx_word' id='word_1_41' title='bbox 309 483 401 538; x_wconf 88' lang='lat' dir='ltr'>ripa</span> <span class='ocrx_word' id='word_1_42' title='bbox 434 498 557 524; x_wconf 89' lang='lat' dir='ltr'>omne</span> <span class='ocrx_word' id='word_1_43' title='bbox 590 482 825 536; x_wconf 84' lang='lat' dir='ltr'>periculum</span> <span class='ocrx_word' id='word_1_44' title='bbox 860 483 935 533; x_wconf 89' lang='lat' dir='ltr'>est,</span> <span class='ocrx_word' id='word_1_45' title='bbox 972 480 1047 521; x_wconf 89' lang='lat' dir='ltr'>ubi</span> <span class='ocrx_word' id='word_1_46' title='bbox 1079 480 1341 534; x_wconf 79' lang='lat' dir='ltr'>adplicantes</span> <span class='ocrx_word' id='word_1_47' title='bbox 1374 494 1444 520; x_wconf 88' lang='lat' dir='ltr'>na-</span> 
     </span>
     <span class='ocr_line' id='line_1_7' title="bbox 89 539 1443 597; baseline -0.003 -15"><span class='ocrx_word' id='word_1_48' title='bbox 89 542 203 597; x_wconf 84' lang='lat' dir='ltr'>vigia</span> <span class='ocrx_word' id='word_1_49' title='bbox 253 542 390 584; x_wconf 87' lang='lat' dir='ltr'>hostis</span> <span class='ocrx_word' id='word_1_50' title='bbox 441 545 645 596; x_wconf 78' lang='lat' dir='ltr'>expectat.</span> <span class='ocrx_word' id='word_1_51' title='bbox 711 539 793 594; x_wconf 81' lang='lat' dir='ltr'>Ita,</span> <span class='ocrx_word' id='word_1_52' title='bbox 844 543 1235 593; x_wconf 86' lang='lat' dir='ltr'>quantumcumque</span> <span class='ocrx_word' id='word_1_53' title='bbox 1286 539 1443 580; x_wconf 86' lang='lat' dir='ltr'>flumen</span> 
     </span>
     <span class='ocr_line' id='line_1_8' title="bbox 90 599 1444 655; baseline -0.003 -13"><span class='ocrx_word' id='word_1_54' title='bbox 90 603 336 655; x_wconf 83' lang='lat' dir='ltr'>intervenit,</span> <span class='ocrx_word' id='word_1_55' title='bbox 375 602 484 643; x_wconf 90' lang='lat' dir='ltr'>idem</span> <span class='ocrx_word' id='word_1_56' title='bbox 518 601 711 642; x_wconf 84' lang='lat' dir='ltr'>futurum</span> <span class='ocrx_word' id='word_1_57' title='bbox 745 600 969 641; x_wconf 77' lang='lat' dir='ltr'>discrimen</span> <span class='ocrx_word' id='word_1_58' title='bbox 1004 602 1066 640; x_wconf 86' lang='lat' dir='ltr'>est</span> <span class='ocrx_word' id='word_1_59' title='bbox 1099 599 1367 639; x_wconf 76' lang='lat' dir='ltr'>evadentium</span> <span class='ocrx_word' id='word_1_60' title='bbox 1402 599 1444 638; x_wconf 92' lang='lat' dir='ltr'>in</span> 
     </span>
    </p>

    <p class='ocr_par' dir='ltr' id='par_1_4' title="bbox 43 659 1514 775">
     <span class='ocr_line' id='line_1_9' title="bbox 43 659 1514 714; baseline -0.001 -15"><span class='ocrx_word' id='word_1_61' title='bbox 43 666 66 699; x_wconf 87' lang='grc'><strong>9</strong></span> <span class='ocrx_word' id='word_1_62' title='bbox 88 665 253 702; x_wconf 86' lang='lat' dir='ltr'>terram.</span> <span class='ocrx_word' id='word_1_63' title='bbox 317 661 399 702; x_wconf 83' lang='lat' dir='ltr'>Sed</span> <span class='ocrx_word' id='word_1_64' title='bbox 438 661 580 702; x_wconf 88' lang='lat' dir='ltr'>omnia</span> <span class='ocrx_word' id='word_1_65' title='bbox 619 661 699 701; x_wconf 83' lang='lat' dir='ltr'>ista</span> <span class='ocrx_word' id='word_1_66' title='bbox 731 674 827 700; x_wconf 72' lang='lat' dir='ltr'>vera</span> <span class='ocrx_word' id='word_1_67' title='bbox 862 674 951 699; x_wconf 88' lang='lat' dir='ltr'>esse</span> <span class='ocrx_word' id='word_1_68' title='bbox 983 659 1211 714; x_wconf 87' lang='lat' dir='ltr'>fingamus:</span> <span class='ocrx_word' id='word_1_69' title='bbox 1244 662 1444 699; x_wconf 87' lang='lat' dir='ltr'>utrumne</span> <span class='ocrx_word' id='word_1_70' title='bbox 1473 672 1514 702; x_wconf 88' lang='lat'>19</span> 
     </span>
     <span class='ocr_line' id='line_1_10' title="bbox 87 716 1444 775; baseline -0.003 -14"><span class='ocrx_word' id='word_1_71' title='bbox 87 735 164 761; x_wconf 89' lang='lat' dir='ltr'>nos</span> <span class='ocrx_word' id='word_1_72' title='bbox 197 721 446 775; x_wconf 77' lang='lat' dir='ltr'>magnitudo</span> <span class='ocrx_word' id='word_1_73' title='bbox 478 720 699 761; x_wconf 86' lang='lat' dir='ltr'>beluarum</span> <span class='ocrx_word' id='word_1_74' title='bbox 729 734 783 759; x_wconf 86' lang='lat' dir='ltr'>an</span> <span class='ocrx_word' id='word_1_75' title='bbox 809 718 1039 760; x_wconf 82' lang='lat' dir='ltr'>multitudo</span> <span class='ocrx_word' id='word_1_76' title='bbox 1068 718 1256 759; x_wconf 89' lang='lat' dir='ltr'>hostium</span> <span class='ocrx_word' id='word_1_77' title='bbox 1283 716 1444 758; x_wconf 77' lang='lat' dir='ltr'>terret?</span> 
     </span>
    </p>

    <p class='ocr_par' dir='ltr' id='par_1_5' title="bbox 35 777 1515 1071">
     <span class='ocr_line' id='line_1_11' title="bbox 35 777 1444 834; baseline -0.005 -11"><span class='ocrx_word' id='word_1_78' title='bbox 35 798 68 824; x_wconf 87' lang='lat'>10</span> <span class='ocrx_word' id='word_1_79' title='bbox 89 778 210 829; x_wconf 86' lang='lat' dir='ltr'>Quod</span> <span class='ocrx_word' id='word_1_80' title='bbox 243 781 429 834; x_wconf 89' lang='lat' dir='ltr'>pertinet</span> <span class='ocrx_word' id='word_1_81' title='bbox 461 780 512 820; x_wconf 86' lang='lat' dir='ltr'>ad</span> <span class='ocrx_word' id='word_1_82' title='bbox 544 779 806 833; x_wconf 72' lang='lat' dir='ltr'>elephantos,</span> <span class='ocrx_word' id='word_1_83' title='bbox 838 793 1036 832; x_wconf 86' lang='lat' dir='ltr'>praesens</span> <span class='ocrx_word' id='word_1_84' title='bbox 1070 777 1276 818; x_wconf 89' lang='lat' dir='ltr'>habemus</span> <span class='ocrx_word' id='word_1_85' title='bbox 1309 791 1444 817; x_wconf 78' lang='lat' dir='ltr'>exem-</span> 
     </span>
     <span class='ocr_line' id='line_1_12' title="bbox 89 838 1444 893; baseline -0.003 -13"><span class='ocrx_word' id='word_1_86' title='bbox 89 839 225 893; x_wconf 91' lang='lat' dir='ltr'>plum:</span> <span class='ocrx_word' id='word_1_87' title='bbox 261 841 303 880; x_wconf 91' lang='lat' dir='ltr'>in</span> <span class='ocrx_word' id='word_1_88' title='bbox 330 854 428 880; x_wconf 88' lang='lat' dir='ltr'>suos</span> <span class='ocrx_word' id='word_1_89' title='bbox 456 839 747 880; x_wconf 80' lang='lat' dir='ltr'>vehementius</span> <span class='ocrx_word' id='word_1_90' title='bbox 776 852 902 891; x_wconf 84' lang='lat' dir='ltr'>quam</span> <span class='ocrx_word' id='word_1_91' title='bbox 930 838 972 878; x_wconf 87' lang='lat' dir='ltr'>in</span> <span class='ocrx_word' id='word_1_92' title='bbox 1000 852 1076 877; x_wconf 93' lang='lat' dir='ltr'>nos</span> <span class='ocrx_word' id='word_1_93' title='bbox 1103 838 1444 879; x_wconf 79' lang='lat' dir='ltr'>incucurrerunt:</span> 
     </span>
     <span class='ocr_line' id='line_1_13' title="bbox 88 895 1444 953; baseline -0.001 -15"><span class='ocrx_word' id='word_1_94' title='bbox 88 902 174 939; x_wconf 84' lang='lat' dir='ltr'>tam</span> <span class='ocrx_word' id='word_1_95' title='bbox 208 902 327 940; x_wconf 82' lang='lat' dir='ltr'>vasta</span> <span class='ocrx_word' id='word_1_96' title='bbox 360 913 537 953; x_wconf 82' lang='lat' dir='ltr'>corpora</span> <span class='ocrx_word' id='word_1_97' title='bbox 571 898 787 938; x_wconf 82' lang='lat' dir='ltr'>securibus</span> <span class='ocrx_word' id='word_1_98' title='bbox 818 896 1084 950; x_wconf 85' lang='lat' dir='ltr'>falcibusque</span> <span class='ocrx_word' id='word_1_99' title='bbox 1112 895 1308 937; x_wconf 86' lang='lat' dir='ltr'>mutilata</span> <span class='ocrx_word' id='word_1_100' title='bbox 1335 898 1444 936; x_wconf 88' lang='lat' dir='ltr'>sunt.</span> 
     </span>
     <span class='ocr_line' id='line_1_14' title="bbox 89 955 1515 1011; baseline -0.001 -12"><span class='ocrx_word' id='word_1_101' title='bbox 89 956 200 1006; x_wconf 85' lang='lat' dir='ltr'>Quid</span> <span class='ocrx_word' id='word_1_102' title='bbox 232 962 373 999; x_wconf 83' lang='lat' dir='ltr'>autem</span> <span class='ocrx_word' id='word_1_103' title='bbox 407 959 594 1011; x_wconf 87' lang='lat' dir='ltr'>interest,</span> <span class='ocrx_word' id='word_1_104' title='bbox 627 957 805 998; x_wconf 86' lang='lat' dir='ltr'>totidem</span> <span class='ocrx_word' id='word_1_105' title='bbox 838 956 935 1010; x_wconf 87' lang='lat' dir='ltr'>sint,</span> <span class='ocrx_word' id='word_1_106' title='bbox 977 960 1081 1010; x_wconf 90' lang='lat' dir='ltr'>quot</span> <span class='ocrx_word' id='word_1_107' title='bbox 1115 955 1249 996; x_wconf 89' lang='lat' dir='ltr'>Porus</span> <span class='ocrx_word' id='word_1_108' title='bbox 1282 955 1444 1007; x_wconf 83' lang='lat' dir='ltr'>habuit,</span> <span class='ocrx_word' id='word_1_109' title='bbox 1472 969 1515 998; x_wconf 76' lang='lat'>20</span> 
     </span>
     <span class='ocr_line' id='line_1_15' title="bbox 88 1015 1444 1071; baseline -0.002 -14"><span class='ocrx_word' id='word_1_110' title='bbox 88 1032 139 1057; x_wconf 88' lang='lat' dir='ltr'>an</span> <span class='ocrx_word' id='word_1_111' title='bbox 174 1029 224 1058; x_wconf 90' lang='lat'>111</span> <span class='ocrx_word' id='word_1_112' title='bbox 256 1018 387 1071; x_wconf 86' lang='lat' dir='ltr'>milia,</span> <span class='ocrx_word' id='word_1_113' title='bbox 420 1032 516 1058; x_wconf 94' lang='lat' dir='ltr'>cum</span> <span class='ocrx_word' id='word_1_114' title='bbox 544 1031 629 1058; x_wconf 91' lang='lat' dir='ltr'>uno</span> <span class='ocrx_word' id='word_1_115' title='bbox 657 1018 730 1057; x_wconf 90' lang='lat' dir='ltr'>aut</span> <span class='ocrx_word' id='word_1_116' title='bbox 756 1015 890 1056; x_wconf 87' lang='lat' dir='ltr'>altero</span> <span class='ocrx_word' id='word_1_117' title='bbox 918 1015 1136 1056; x_wconf 76' lang='lat' dir='ltr'>vulnerato</span> <span class='ocrx_word' id='word_1_118' title='bbox 1164 1015 1347 1056; x_wconf 71' lang='lat' dir='ltr'>videritis</span> <span class='ocrx_word' id='word_1_119' title='bbox 1381 1028 1444 1056; x_wconf 92' lang='lat' dir='ltr'>ce-</span> 
     </span>
    </p>

    <p class='ocr_par' dir='ltr' id='par_1_6' title="bbox 36 1075 1513 1369">
     <span class='ocr_line' id='line_1_16' title="bbox 36 1075 1445 1132; baseline -0.005 -12"><span class='ocrx_word' id='word_1_120' title='bbox 36 1095 66 1120; x_wconf 78' lang='grc'>15</span> <span class='ocrx_word' id='word_1_121' title='bbox 87 1079 202 1118; x_wconf 88' lang='lat' dir='ltr'>teros</span> <span class='ocrx_word' id='word_1_122' title='bbox 246 1078 290 1118; x_wconf 93' lang='lat' dir='ltr'>in</span> <span class='ocrx_word' id='word_1_123' title='bbox 334 1077 480 1132; x_wconf 86' lang='lat' dir='ltr'>fugam</span> <span class='ocrx_word' id='word_1_124' title='bbox 526 1076 757 1118; x_wconf 72' lang='lat' dir='ltr'>declinari?</span> <span class='ocrx_word' id='word_1_125' title='bbox 820 1075 931 1116; x_wconf 84' lang='lat' dir='ltr'>Dein</span> <span class='ocrx_word' id='word_1_126' title='bbox 963 1089 1120 1128; x_wconf 90' lang='lat' dir='ltr'>paucos</span> <span class='ocrx_word' id='word_1_127' title='bbox 1155 1089 1278 1129; x_wconf 80' lang='lat' dir='ltr'>aegre</span> <span class='ocrx_word' id='word_1_128' title='bbox 1311 1077 1353 1115; x_wconf 92' lang='lat' dir='ltr'>et</span> <span class='ocrx_word' id='word_1_129' title='bbox 1386 1075 1445 1114; x_wconf 89' lang='lat' dir='ltr'>in-</span> 
     </span>
     <span class='ocr_line' id='line_1_17' title="bbox 87 1133 1513 1192; baseline -0.001 -15"><span class='ocrx_word' id='word_1_130' title='bbox 87 1136 309 1177; x_wconf 88' lang='lat' dir='ltr'>commode</span> <span class='ocrx_word' id='word_1_131' title='bbox 354 1143 525 1192; x_wconf 83' lang='lat' dir='ltr'>regunt:</span> <span class='ocrx_word' id='word_1_132' title='bbox 571 1138 827 1190; x_wconf 82' lang='lat' dir='ltr'>congregata</span> <span class='ocrx_word' id='word_1_133' title='bbox 872 1149 971 1175; x_wconf 81' lang='lat' dir='ltr'>vero</span> <span class='ocrx_word' id='word_1_134' title='bbox 1017 1137 1082 1175; x_wconf 91' lang='lat' dir='ltr'>tot</span> <span class='ocrx_word' id='word_1_135' title='bbox 1119 1133 1238 1174; x_wconf 88' lang='lat' dir='ltr'>milia</span> <span class='ocrx_word' id='word_1_136' title='bbox 1277 1134 1368 1187; x_wconf 88' lang='lat' dir='ltr'>ipsa</span> <span class='ocrx_word' id='word_1_137' title='bbox 1402 1147 1445 1173; x_wconf 86' lang='lat' dir='ltr'>se</span> <span class='ocrx_word' id='word_1_138' title='bbox 1473 1148 1513 1176; x_wconf 78' lang='lat'>21</span> 
     </span>
     <span class='ocr_line' id='line_1_18' title="bbox 88 1192 1444 1248; baseline -0.002 -12"><span class='ocrx_word' id='word_1_139' title='bbox 88 1195 268 1248; x_wconf 90' lang='lat' dir='ltr'>elidunt,</span> <span class='ocrx_word' id='word_1_140' title='bbox 313 1196 387 1236; x_wconf 89' lang='lat' dir='ltr'>ubi</span> <span class='ocrx_word' id='word_1_141' title='bbox 425 1211 503 1237; x_wconf 91' lang='lat' dir='ltr'>nec</span> <span class='ocrx_word' id='word_1_142' title='bbox 543 1199 653 1236; x_wconf 82' lang='lat' dir='ltr'>stare</span> <span class='ocrx_word' id='word_1_143' title='bbox 691 1209 767 1235; x_wconf 89' lang='lat' dir='ltr'>nec</span> <span class='ocrx_word' id='word_1_144' title='bbox 798 1195 946 1248; x_wconf 87' lang='lat' dir='ltr'>fugere</span> <span class='ocrx_word' id='word_1_145' title='bbox 978 1193 1200 1248; x_wconf 87' lang='lat' dir='ltr'>potuerint</span> <span class='ocrx_word' id='word_1_146' title='bbox 1232 1192 1444 1234; x_wconf 87' lang='lat' dir='ltr'>inhabiles</span> 
     </span>
     <span class='ocr_line' id='line_1_19' title="bbox 87 1252 1445 1309; baseline -0.002 -14"><span class='ocrx_word' id='word_1_147' title='bbox 87 1257 303 1296; x_wconf 82' lang='lat' dir='ltr'>vastorum</span> <span class='ocrx_word' id='word_1_148' title='bbox 338 1270 565 1309; x_wconf 87' lang='lat' dir='ltr'>corporum</span> <span class='ocrx_word' id='word_1_149' title='bbox 598 1253 742 1295; x_wconf 89' lang='lat' dir='ltr'>moles.</span> <span class='ocrx_word' id='word_1_150' title='bbox 800 1253 1010 1307; x_wconf 86' lang='lat' dir='ltr'>Equidem</span> <span class='ocrx_word' id='word_1_151' title='bbox 1046 1253 1104 1293; x_wconf 83' lang='lat' dir='ltr'>sic</span> <span class='ocrx_word' id='word_1_152' title='bbox 1136 1252 1337 1293; x_wconf 84' lang='lat' dir='ltr'>animalia</span> <span class='ocrx_word' id='word_1_153' title='bbox 1363 1253 1445 1293; x_wconf 89' lang='lat' dir='ltr'>ista</span> 
     </span>
     <span class='ocr_line' id='line_1_20' title="bbox 88 1313 1445 1369; baseline -0.003 -13"><span class='ocrx_word' id='word_1_154' title='bbox 88 1314 338 1368; x_wconf 75' lang='lat' dir='ltr'>contempsi,</span> <span class='ocrx_word' id='word_1_155' title='bbox 369 1317 428 1369; x_wconf 90' lang='lat' dir='ltr'>ut,</span> <span class='ocrx_word' id='word_1_156' title='bbox 462 1329 558 1356; x_wconf 87' lang='lat' dir='ltr'>cum</span> <span class='ocrx_word' id='word_1_157' title='bbox 584 1314 786 1354; x_wconf 82' lang='lat' dir='ltr'>haberem</span> <span class='ocrx_word' id='word_1_158' title='bbox 820 1313 921 1367; x_wconf 87' lang='lat' dir='ltr'>ipse,</span> <span class='ocrx_word' id='word_1_159' title='bbox 954 1327 1038 1353; x_wconf 89' lang='grc'>11011</span> <span class='ocrx_word' id='word_1_160' title='bbox 1067 1313 1352 1367; x_wconf 90' lang='lat' dir='ltr'>opposuerim,</span> <span class='ocrx_word' id='word_1_161' title='bbox 1385 1327 1445 1352; x_wconf 86' lang='lat' dir='ltr'>sa-</span> 
     </span>
    </p>

    <p class='ocr_par' dir='ltr' id='par_1_7' title="bbox 35 1371 1517 1651">
     <span class='ocr_line' id='line_1_21' title="bbox 35 1371 1444 1429; baseline -0.004 -12"><span class='ocrx_word' id='word_1_162' title='bbox 35 1392 67 1417; x_wconf 74' lang='lat'>20</span> <span class='ocrx_word' id='word_1_163' title='bbox 87 1373 142 1414; x_wconf 90' lang='lat' dir='ltr'>tis</span> <span class='ocrx_word' id='word_1_164' title='bbox 187 1388 361 1429; x_wconf 85' lang='lat' dir='ltr'>gnarus,</span> <span class='ocrx_word' id='word_1_165' title='bbox 406 1375 502 1428; x_wconf 89' lang='lat' dir='ltr'>plus</span> <span class='ocrx_word' id='word_1_166' title='bbox 544 1373 631 1414; x_wconf 89' lang='lat' dir='ltr'>suis</span> <span class='ocrx_word' id='word_1_167' title='bbox 675 1387 801 1426; x_wconf 89' lang='lat' dir='ltr'>quam</span> <span class='ocrx_word' id='word_1_168' title='bbox 835 1372 1031 1413; x_wconf 88' lang='lat' dir='ltr'>host-ibus</span> <span class='ocrx_word' id='word_1_169' title='bbox 1064 1371 1244 1426; x_wconf 85' lang='lat' dir='ltr'>periculi</span> <span class='ocrx_word' id='word_1_170' title='bbox 1278 1371 1444 1412; x_wconf 74' lang='lat' dir='ltr'>inferre.</span> 
     </span>
     <span class='ocr_line' id='line_1_22' title="bbox 87 1431 1516 1487; baseline 0 -14"><span class='ocrx_word' id='word_1_171' title='bbox 87 1432 146 1473; x_wconf 86' lang='lat' dir='ltr'>At</span> <span class='ocrx_word' id='word_1_172' title='bbox 172 1434 283 1473; x_wconf 89' lang='lat' dir='ltr'>enim</span> <span class='ocrx_word' id='word_1_173' title='bbox 311 1433 504 1487; x_wconf 88' lang='lat' dir='ltr'>equitum</span> <span class='ocrx_word' id='word_1_174' title='bbox 531 1432 808 1486; x_wconf 89' lang='lat' dir='ltr'>peditumque</span> <span class='ocrx_word' id='word_1_175' title='bbox 835 1431 1065 1472; x_wconf 89' lang='lat' dir='ltr'>multitudo</span> <span class='ocrx_word' id='word_1_176' title='bbox 1087 1446 1161 1472; x_wconf 77' lang='lat' dir='ltr'>vos</span> <span class='ocrx_word' id='word_1_177' title='bbox 1183 1432 1445 1472; x_wconf 76' lang='lat' dir='ltr'>commovet!</span> <span class='ocrx_word' id='word_1_178' title='bbox 1473 1443 1516 1473; x_wconf 79' lang='lat'>22</span> 
     </span>
     <span class='ocr_line' id='line_1_23' title="bbox 89 1491 1446 1546; baseline -0.001 -14"><span class='ocrx_word' id='word_1_179' title='bbox 89 1491 196 1532; x_wconf 86' lang='lat' dir='ltr'>Cum</span> <span class='ocrx_word' id='word_1_180' title='bbox 227 1494 374 1546; x_wconf 87' lang='lat' dir='ltr'>paucis</span> <span class='ocrx_word' id='word_1_181' title='bbox 409 1493 521 1533; x_wconf 88' lang='lat' dir='ltr'>enim</span> <span class='ocrx_word' id='word_1_182' title='bbox 554 1506 744 1546; x_wconf 84' lang='lat' dir='ltr'>pugnare</span> <span class='ocrx_word' id='word_1_183' title='bbox 778 1491 893 1531; x_wconf 90' lang='lat' dir='ltr'>soliti</span> <span class='ocrx_word' id='word_1_184' title='bbox 926 1491 1026 1532; x_wconf 89' lang='lat' dir='ltr'>estis</span> <span class='ocrx_word' id='word_1_185' title='bbox 1054 1494 1095 1531; x_wconf 95' lang='lat' dir='ltr'>et</span> <span class='ocrx_word' id='word_1_186' title='bbox 1121 1505 1235 1532; x_wconf 87' lang='lat' dir='ltr'>nunc</span> <span class='ocrx_word' id='word_1_187' title='bbox 1262 1491 1446 1544; x_wconf 85' lang='lat' dir='ltr'>primum</span> 
     </span>
     <span class='ocr_line' id='line_1_24' title="bbox 87 1549 1517 1592; baseline -0.001 0"><span class='ocrx_word' id='word_1_188' title='bbox 87 1551 349 1592; x_wconf 83' lang='lat' dir='ltr'>inconditam</span> <span class='ocrx_word' id='word_1_189' title='bbox 390 1551 655 1592; x_wconf 88' lang='lat' dir='ltr'>sustinebitis</span> <span class='ocrx_word' id='word_1_190' title='bbox 690 1549 870 1591; x_wconf 86' lang='lat' dir='ltr'>turbam.</span> <span class='ocrx_word' id='word_1_191' title='bbox 934 1550 1072 1591; x_wconf 87' lang='lat' dir='ltr'>Testis</span> <span class='ocrx_word' id='word_1_192' title='bbox 1106 1551 1307 1591; x_wconf 79' lang='lat' dir='ltr'>adversus</span> <span class='ocrx_word' id='word_1_193' title='bbox 1340 1549 1445 1590; x_wconf 87' lang='lat' dir='ltr'>mul-</span> <span class='ocrx_word' id='word_1_194' title='bbox 1475 1562 1517 1591; x_wconf 79' lang='lat'>23</span> 
     </span>
     <span class='ocr_line' id='line_1_25' title="bbox 89 1609 1446 1651; baseline -0.001 -1"><span class='ocrx_word' id='word_1_195' title='bbox 89 1610 317 1651; x_wconf 87' lang='lat' dir='ltr'>titudinem</span> <span class='ocrx_word' id='word_1_196' title='bbox 356 1610 505 1651; x_wconf 75' lang='lat' dir='ltr'>invicti</span> <span class='ocrx_word' id='word_1_197' title='bbox 543 1610 823 1651; x_wconf 85' lang='lat' dir='ltr'>Macedonum</span> <span class='ocrx_word' id='word_1_198' title='bbox 862 1609 1028 1651; x_wconf 85' lang='lat' dir='ltr'>roboris</span> <span class='ocrx_word' id='word_1_199' title='bbox 1064 1609 1271 1650; x_wconf 85' lang='lat' dir='ltr'>Granicus</span> <span class='ocrx_word' id='word_1_200' title='bbox 1311 1610 1446 1650; x_wconf 88' lang='lat' dir='ltr'>amnis</span> 
     </span>
    </p>

    <p class='ocr_par' dir='ltr' id='par_1_8' title="bbox 36 1668 1518 1962">
     <span class='ocr_line' id='line_1_26' title="bbox 36 1668 1446 1721; baseline -0.003 -9"><span class='ocrx_word' id='word_1_201' title='bbox 36 1688 69 1713; x_wconf 71' lang='lat'>25</span> <span class='ocrx_word' id='word_1_202' title='bbox 90 1673 132 1710; x_wconf 89' lang='lat' dir='ltr'>et</span> <span class='ocrx_word' id='word_1_203' title='bbox 164 1668 314 1710; x_wconf 86' lang='lat' dir='ltr'>Cilicia</span> <span class='ocrx_word' id='word_1_204' title='bbox 352 1670 556 1711; x_wconf 85' lang='lat' dir='ltr'>inundata</span> <span class='ocrx_word' id='word_1_205' title='bbox 592 1683 739 1710; x_wconf 84' lang='lat' dir='ltr'>cruore</span> <span class='ocrx_word' id='word_1_206' title='bbox 771 1668 997 1710; x_wconf 84' lang='lat' dir='ltr'>Persarum</span> <span class='ocrx_word' id='word_1_207' title='bbox 1031 1672 1073 1710; x_wconf 91' lang='lat' dir='ltr'>et</span> <span class='ocrx_word' id='word_1_208' title='bbox 1104 1668 1281 1721; x_wconf 83' lang='lat' dir='ltr'>Arbela,</span> <span class='ocrx_word' id='word_1_209' title='bbox 1326 1670 1446 1710; x_wconf 88' lang='lat' dir='ltr'>cuius</span> 
     </span>
     <span class='ocr_line' id='line_1_27' title="bbox 90 1726 1518 1783; baseline -0.001 -13"><span class='ocrx_word' id='word_1_210' title='bbox 90 1729 229 1783; x_wconf 83' lang='lat' dir='ltr'>campi</span> <span class='ocrx_word' id='word_1_211' title='bbox 274 1729 535 1770; x_wconf 84' lang='lat' dir='ltr'>devictorum</span> <span class='ocrx_word' id='word_1_212' title='bbox 580 1744 604 1770; x_wconf 88' lang='lat' dir='ltr'>a</span> <span class='ocrx_word' id='word_1_213' title='bbox 636 1728 759 1769; x_wconf 89' lang='lat' dir='ltr'>nobis</span> <span class='ocrx_word' id='word_1_214' title='bbox 799 1728 966 1769; x_wconf 86' lang='lat' dir='ltr'>ossibus</span> <span class='ocrx_word' id='word_1_215' title='bbox 1007 1729 1129 1769; x_wconf 86' lang='lat' dir='ltr'>strati</span> <span class='ocrx_word' id='word_1_216' title='bbox 1169 1731 1279 1769; x_wconf 87' lang='lat' dir='ltr'>sunt.</span> <span class='ocrx_word' id='word_1_217' title='bbox 1344 1726 1445 1768; x_wconf 83' lang='lat' dir='ltr'>Sero</span> <span class='ocrx_word' id='word_1_218' title='bbox 1474 1739 1518 1769; x_wconf 75' lang='lat'>24</span> 
     </span>
     <span class='ocr_line' id='line_1_28' title="bbox 88 1787 1446 1843; baseline -0.001 -15"><span class='ocrx_word' id='word_1_219' title='bbox 88 1788 278 1829; x_wconf 90' lang='lat' dir='ltr'>hostium</span> <span class='ocrx_word' id='word_1_220' title='bbox 311 1789 499 1843; x_wconf 84' lang='lat' dir='ltr'>legiones</span> <span class='ocrx_word' id='word_1_221' title='bbox 531 1802 754 1829; x_wconf 87' lang='lat' dir='ltr'>numerare</span> <span class='ocrx_word' id='word_1_222' title='bbox 787 1789 1001 1842; x_wconf 85' lang='lat' dir='ltr'>coepistis,</span> <span class='ocrx_word' id='word_1_223' title='bbox 1035 1791 1267 1842; x_wconf 88' lang='lat' dir='ltr'>postquam</span> <span class='ocrx_word' id='word_1_224' title='bbox 1301 1787 1446 1828; x_wconf 88' lang='lat' dir='ltr'>solitu·</span> 
     </span>
     <span class='ocr_line' id='line_1_29' title="bbox 90 1846 1447 1901; baseline -0.001 -13"><span class='ocrx_word' id='word_1_225' title='bbox 90 1848 229 1888; x_wconf 89' lang='lat' dir='ltr'>dinem</span> <span class='ocrx_word' id='word_1_226' title='bbox 264 1848 308 1888; x_wconf 93' lang='lat' dir='ltr'>in</span> <span class='ocrx_word' id='word_1_227' title='bbox 339 1848 442 1888; x_wconf 82' lang='lat' dir='ltr'>Asia</span> <span class='ocrx_word' id='word_1_228' title='bbox 472 1847 681 1889; x_wconf 84' lang='lat' dir='ltr'>vincendo</span> <span class='ocrx_word' id='word_1_229' title='bbox 714 1847 888 1888; x_wconf 86' lang='lat' dir='ltr'>fecistis.</span> <span class='ocrx_word' id='word_1_230' title='bbox 954 1846 1059 1888; x_wconf 90' lang='lat' dir='ltr'>Cum</span> <span class='ocrx_word' id='word_1_231' title='bbox 1092 1862 1167 1901; x_wconf 91' lang='lat' dir='ltr'>per</span> <span class='ocrx_word' id='word_1_232' title='bbox 1197 1846 1447 1900; x_wconf 88' lang='lat' dir='ltr'>Hellespon-</span> 
     </span>
     <span class='ocr_line' id='line_1_30' title="bbox 89 1905 1447 1962; baseline -0.001 -15"><span class='ocrx_word' id='word_1_233' title='bbox 89 1909 180 1947; x_wconf 91' lang='lat' dir='ltr'>tum</span> <span class='ocrx_word' id='word_1_234' title='bbox 206 1908 516 1961; x_wconf 81' lang='lat' dir='ltr'>navigaremus,</span> <span class='ocrx_word' id='word_1_235' title='bbox 550 1907 599 1948; x_wconf 90' lang='lat' dir='ltr'>de</span> <span class='ocrx_word' id='word_1_236' title='bbox 631 1907 846 1960; x_wconf 86' lang='lat' dir='ltr'>paucitate</span> <span class='ocrx_word' id='word_1_237' title='bbox 873 1910 1018 1947; x_wconf 86' lang='lat' dir='ltr'>nostra</span> <span class='ocrx_word' id='word_1_238' title='bbox 1046 1906 1321 1962; x_wconf 87' lang='lat' dir='ltr'>cogitandum</span> <span class='ocrx_word' id='word_1_239' title='bbox 1347 1905 1447 1946; x_wconf 81' lang='lat' dir='ltr'>fuit:</span> 
     </span>
    </p>
   </div>
   <div class='ocr_carea' id='block_1_3' title="bbox 181 1980 275 1982">
    <p class='ocr_par' dir='ltr' id='par_1_9' title="bbox 181 1980 275 1982">
     <span class='ocr_line' id='line_1_31' title="bbox 181 1980 275 1982; baseline 0 0"><span class='ocrx_word' id='word_1_240' title='bbox 181 1980 275 1982; x_wconf 95' lang='lat' dir='ltr'> </span> 
     </span>
    </p>
   </div>
   <div class='ocr_carea' id='block_1_4' title="bbox 92 2011 1448 2102">
    <p class='ocr_par' dir='ltr' id='par_1_10' title="bbox 92 2011 1448 2102">
     <span class='ocr_line' id='line_1_32' title="bbox 187 2011 1448 2057; baseline -0.001 -12"><span class='ocrx_word' id='word_1_241' title='bbox 187 2016 203 2045; x_wconf 91' lang='lat'>1</span> <span class='ocrx_word' id='word_1_242' title='bbox 226 2011 357 2057; x_wconf 88' lang='lat' dir='ltr'>latius]</span> <span class='ocrx_word' id='word_1_243' title='bbox 378 2011 494 2046; x_wconf 88' lang='lat' dir='ltr'>lacius</span> <span class='ocrx_word' id='word_1_244' title='bbox 515 2015 550 2044; x_wconf 87' lang='lat' dir='ltr'>P.</span> <span class='ocrx_word' id='word_1_245' title='bbox 621 2015 640 2044; x_wconf 84' lang='lat'>2</span> <span class='ocrx_word' id='word_1_246' title='bbox 668 2011 853 2057; x_wconf 74' lang='lat' dir='ltr'>angustis]</span> <span class='ocrx_word' id='word_1_247' title='bbox 875 2011 1033 2056; x_wconf 86' lang='lat' dir='ltr'>angistis</span> <span class='ocrx_word' id='word_1_248' title='bbox 1054 2014 1080 2044; x_wconf 90' lang='lat' dir='ltr'>B</span> <span class='ocrx_word' id='word_1_249' title='bbox 1100 2023 1144 2045; x_wconf 85' lang='lat' dir='ltr'>m.</span> <span class='ocrx_word' id='word_1_250' title='bbox 1155 2023 1214 2056; x_wconf 78' lang='lat' dir='ltr'>pr.</span> <span class='ocrx_word' id='word_1_251' title='bbox 1285 2015 1305 2043; x_wconf 73' lang='lat'>4</span> <span class='ocrx_word' id='word_1_252' title='bbox 1326 2011 1448 2053; x_wconf 85' lang='lat' dir='ltr'>spatio</span> 
     </span>
     <span class='ocr_line' id='line_1_33' title="bbox 92 2057 1447 2102; baseline -0.002 -9"><span class='ocrx_word' id='word_1_253' title='bbox 92 2059 322 2094; x_wconf 70' lang='lat' dir='ltr'>Francinus:</span> <span class='ocrx_word' id='word_1_254' title='bbox 346 2059 459 2093; x_wconf 83' lang='lat' dir='ltr'>statio</span> <span class='ocrx_word' id='word_1_255' title='bbox 479 2062 586 2100; x_wconf 69' lang='lat' dir='ltr'>BLV,</span> <span class='ocrx_word' id='word_1_256' title='bbox 614 2058 729 2093; x_wconf 86' lang='lat' dir='ltr'>stacio</span> <span class='ocrx_word' id='word_1_257' title='bbox 751 2062 819 2092; x_wconf 85' lang='lat' dir='ltr'>FP.</span> <span class='ocrx_word' id='word_1_258' title='bbox 896 2062 915 2092; x_wconf 89' lang='lat'>9</span> <span class='ocrx_word' id='word_1_259' title='bbox 937 2070 1002 2092; x_wconf 86' lang='lat' dir='ltr'>nos</span> <span class='ocrx_word' id='word_1_260' title='bbox 1017 2062 1060 2092; x_wconf 88' lang='lat' dir='ltr'>P:</span> <span class='ocrx_word' id='word_1_261' title='bbox 1082 2069 1145 2093; x_wconf 80' lang='lat' dir='ltr'>vos</span> <span class='ocrx_word' id='word_1_262' title='bbox 1160 2063 1192 2093; x_wconf 89' lang='lat' dir='ltr'>c.</span> <span class='ocrx_word' id='word_1_263' title='bbox 1269 2057 1447 2102; x_wconf 81' lang='lat' dir='ltr'>hostium]</span> 
     </span>
    </p>
   </div>
   <div class='ocr_carea' id='block_1_5' title="bbox 91 2105 1449 2387">
    <p class='ocr_par' dir='ltr' id='par_1_11' title="bbox 92 2105 1447 2247">
     <span class='ocr_line' id='line_1_34' title="bbox 92 2105 1447 2151; baseline -0.001 -11"><span class='ocrx_word' id='word_1_264' title='bbox 92 2106 228 2140; x_wconf 86' lang='lat' dir='ltr'>ostium</span> <span class='ocrx_word' id='word_1_265' title='bbox 253 2110 289 2141; x_wconf 83' lang='lat' dir='ltr'>L.</span> <span class='ocrx_word' id='word_1_266' title='bbox 414 2110 457 2140; x_wconf 92' lang='lat'>10</span> <span class='ocrx_word' id='word_1_267' title='bbox 489 2106 667 2151; x_wconf 85' lang='lat' dir='ltr'>pertinet]</span> <span class='ocrx_word' id='word_1_268' title='bbox 701 2106 825 2150; x_wconf 87' lang='lat' dir='ltr'>ptinet</span> <span class='ocrx_word' id='word_1_269' title='bbox 857 2109 882 2138; x_wconf 93' lang='lat' dir='ltr'>P</span> <span class='ocrx_word' id='word_1_270' title='bbox 914 2118 958 2139; x_wconf 47' lang='lat' dir='ltr'>sm.</span> <span class='ocrx_word' id='word_1_271' title='bbox 980 2118 1038 2150; x_wconf 75' lang='lat' dir='ltr'>pr.</span> <span class='ocrx_word' id='word_1_272' title='bbox 1139 2105 1333 2150; x_wconf 85' lang='lat' dir='ltr'>habemus]</span> <span class='ocrx_word' id='word_1_273' title='bbox 1363 2105 1447 2139; x_wconf 84' lang='lat' dir='ltr'>abe-</span> 
     </span>
     <span class='ocr_line' id='line_1_35' title="bbox 92 2153 1435 2199; baseline 0 -13"><span class='ocrx_word' id='word_1_274' title='bbox 92 2165 174 2187; x_wconf 89' lang='lat' dir='ltr'>mus</span> <span class='ocrx_word' id='word_1_275' title='bbox 187 2157 223 2187; x_wconf 88' lang='lat' dir='ltr'>L.</span> <span class='ocrx_word' id='word_1_276' title='bbox 324 2159 364 2188; x_wconf 89' lang='grc'>11</span> <span class='ocrx_word' id='word_1_277' title='bbox 387 2154 669 2188; x_wconf 83' lang='lat' dir='ltr'>incucurrerunt</span> <span class='ocrx_word' id='word_1_278' title='bbox 682 2157 724 2187; x_wconf 89' lang='lat' dir='ltr'>P:</span> <span class='ocrx_word' id='word_1_279' title='bbox 746 2154 982 2188; x_wconf 82' lang='lat' dir='ltr'>incurrerunt</span> <span class='ocrx_word' id='word_1_280' title='bbox 996 2158 1018 2187; x_wconf 82' lang='lat' dir='ltr'>c</span> <span class='ocrx_word' id='word_1_281' title='bbox 1040 2154 1245 2199; x_wconf 84' lang='lat' dir='ltr'>[incurrent</span> <span class='ocrx_word' id='word_1_282' title='bbox 1259 2156 1284 2185; x_wconf 88' lang='lat' dir='ltr'>L</span> <span class='ocrx_word' id='word_1_283' title='bbox 1304 2164 1349 2187; x_wconf 82' lang='lat' dir='ltr'>m.</span> <span class='ocrx_word' id='word_1_284' title='bbox 1360 2153 1435 2198; x_wconf 56' lang='lat' dir='ltr'>pn]</span> 
     </span>
     <span class='ocr_line' id='line_1_36' title="bbox 95 2200 1378 2247; baseline -0.002 -13"><span class='ocrx_word' id='word_1_285' title='bbox 95 2204 138 2234; x_wconf 87' lang='lat'>13</span> <span class='ocrx_word' id='word_1_286' title='bbox 159 2202 250 2244; x_wconf 91' lang='lat' dir='ltr'>quot</span> <span class='ocrx_word' id='word_1_287' title='bbox 270 2202 412 2236; x_wconf 76' lang='lat' dir='ltr'>Lauer:</span> <span class='ocrx_word' id='word_1_288' title='bbox 434 2201 534 2244; x_wconf 88' lang='lat' dir='ltr'>quod</span> <span class='ocrx_word' id='word_1_289' title='bbox 554 2205 592 2234; x_wconf 84' lang='lat' dir='ltr'>A.</span> <span class='ocrx_word' id='word_1_290' title='bbox 670 2205 713 2235; x_wconf 76' lang='lat'>14</span> <span class='ocrx_word' id='word_1_291' title='bbox 741 2201 800 2246; x_wconf 88' lang='lat' dir='ltr'>an]</span> <span class='ocrx_word' id='word_1_292' title='bbox 828 2201 868 2234; x_wconf 92' lang='lat' dir='ltr'>in</span> <span class='ocrx_word' id='word_1_293' title='bbox 887 2204 913 2233; x_wconf 90' lang='lat' dir='ltr'>B</span> <span class='ocrx_word' id='word_1_294' title='bbox 933 2212 978 2235; x_wconf 85' lang='lat' dir='ltr'>m.</span> <span class='ocrx_word' id='word_1_295' title='bbox 995 2213 1053 2245; x_wconf 79' lang='lat' dir='ltr'>pr.</span> <span class='ocrx_word' id='word_1_296' title='bbox 1129 2200 1210 2247; x_wconf 90' lang='lat' dir='ltr'>aut]</span> <span class='ocrx_word' id='word_1_297' title='bbox 1230 2200 1331 2233; x_wconf 87' lang='lat' dir='ltr'>haud</span> <span class='ocrx_word' id='word_1_298' title='bbox 1352 2203 1378 2233; x_wconf 90' lang='lat' dir='ltr'>P</span> 
     </span>
    </p>

    <p class='ocr_par' dir='ltr' id='par_1_12' title="bbox 91 2247 1449 2387">
     <span class='ocr_line' id='line_1_37' title="bbox 91 2247 1448 2292; baseline 0.001 -12"><span class='ocrx_word' id='word_1_299' title='bbox 91 2247 288 2283; x_wconf 84' lang='lat' dir='ltr'>vulnerato</span> <span class='ocrx_word' id='word_1_300' title='bbox 320 2249 525 2284; x_wconf 78' lang='lat' dir='ltr'>videritis</span> <span class='ocrx_word' id='word_1_301' title='bbox 550 2249 697 2292; x_wconf 76' lang='lat' dir='ltr'>scripsi:</span> <span class='ocrx_word' id='word_1_302' title='bbox 731 2248 937 2282; x_wconf 83' lang='lat' dir='ltr'>uulneratis</span> <span class='ocrx_word' id='word_1_303' title='bbox 958 2252 997 2282; x_wconf 84' lang='lat' dir='ltr'>A.</span> <span class='ocrx_word' id='word_1_304' title='bbox 1128 2253 1170 2282; x_wconf 80' lang='lat'>15</span> <span class='ocrx_word' id='word_1_305' title='bbox 1198 2257 1308 2291; x_wconf 85' lang='lat' dir='ltr'>aegre</span> <span class='ocrx_word' id='word_1_306' title='bbox 1336 2248 1448 2282; x_wconf 74' lang='lat' dir='ltr'>Bent—</span> 
     </span>
     <span class='ocr_line' id='line_1_38' title="bbox 94 2294 1449 2342; baseline -0.001 -13"><span class='ocrx_word' id='word_1_307' title='bbox 94 2296 201 2329; x_wconf 74' lang='lat' dir='ltr'>leius:</span> <span class='ocrx_word' id='word_1_308' title='bbox 230 2306 377 2339; x_wconf 88' lang='lat' dir='ltr'>quoque</span> <span class='ocrx_word' id='word_1_309' title='bbox 403 2300 440 2329; x_wconf 80' lang='lat' dir='ltr'>A.</span> <span class='ocrx_word' id='word_1_310' title='bbox 560 2300 604 2330; x_wconf 79' lang='lat'>24</span> <span class='ocrx_word' id='word_1_311' title='bbox 630 2296 787 2342; x_wconf 89' lang='lat' dir='ltr'>roboris]</span> <span class='ocrx_word' id='word_1_312' title='bbox 814 2295 938 2329; x_wconf 90' lang='lat' dir='ltr'>robori</span> <span class='ocrx_word' id='word_1_313' title='bbox 958 2299 997 2330; x_wconf 86' lang='lat' dir='ltr'>V.</span> <span class='ocrx_word' id='word_1_314' title='bbox 1124 2300 1167 2329; x_wconf 77' lang='lat'>25</span> <span class='ocrx_word' id='word_1_315' title='bbox 1195 2294 1341 2340; x_wconf 87' lang='lat' dir='ltr'>Cilicia]</span> <span class='ocrx_word' id='word_1_316' title='bbox 1370 2294 1449 2328; x_wconf 89' lang='lat' dir='ltr'>cili-</span> 
     </span>
     <span class='ocr_line' id='line_1_39' title="bbox 93 2341 1449 2387; baseline -0.001 -11"><span class='ocrx_word' id='word_1_317' title='bbox 93 2342 147 2376; x_wconf 87' lang='lat' dir='ltr'>tia</span> <span class='ocrx_word' id='word_1_318' title='bbox 173 2346 209 2376; x_wconf 81' lang='lat' dir='ltr'>F.</span> <span class='ocrx_word' id='word_1_319' title='bbox 310 2354 436 2378; x_wconf 77' lang='lat' dir='ltr'>cruore</span> <span class='ocrx_word' id='word_1_320' title='bbox 463 2345 604 2378; x_wconf 76' lang='lat' dir='ltr'>Lauer:</span> <span class='ocrx_word' id='word_1_321' title='bbox 632 2342 778 2377; x_wconf 87' lang='lat' dir='ltr'>feruore</span> <span class='ocrx_word' id='word_1_322' title='bbox 804 2346 842 2376; x_wconf 79' lang='lat' dir='ltr'>A.</span> <span class='ocrx_word' id='word_1_323' title='bbox 932 2346 975 2376; x_wconf 75' lang='lat'>28</span> <span class='ocrx_word' id='word_1_324' title='bbox 1002 2342 1302 2387; x_wconf 82' lang='lat' dir='ltr'>Hellespontum]</span> <span class='ocrx_word' id='word_1_325' title='bbox 1331 2341 1449 2375; x_wconf 88' lang='lat' dir='ltr'>heles-</span> 
     </span>
    </p>
   </div>
   <div class='ocr_carea' id='block_1_6' title="bbox 94 2390 654 2434">
    <p class='ocr_par' dir='ltr' id='par_1_13' title="bbox 94 2390 654 2434">
     <span class='ocr_line' id='line_1_40' title="bbox 94 2390 654 2434; baseline -0.002 -10"><span class='ocrx_word' id='word_1_326' title='bbox 94 2392 251 2434; x_wconf 87' lang='lat' dir='ltr'>pontum</span> <span class='ocrx_word' id='word_1_327' title='bbox 277 2393 314 2432; x_wconf 75' lang='lat'>1.‚</span> <span class='ocrx_word' id='word_1_328' title='bbox 341 2390 590 2434; x_wconf 86' lang='lat' dir='ltr'>ellespontum</span> <span class='ocrx_word' id='word_1_329' title='bbox 616 2394 654 2424; x_wconf 84' lang='lat' dir='ltr'>V.</span> 
     </span>
    </p>
   </div>
  </div>
 </body>
</html>
