1610 2522
67 394 108 422 1⁴)

69 631 107 660 11

72 1104 114 1135 13

74 1224 115 1253 14

77 1579 118 1609 15

132 92 217 133 322
637 91 676 130 Q.
705 88 847 123 CURTI
879 89 985 124 RUFI

133 216 225 242 rum
269 199 458 241 amnium
500 201 645 239 coetus
687 199 911 239 maritimis
954 197 1113 239 similes
1147 197 1302 239 fluctus
1333 199 1490 250 movet,

133 261 353 312 multoque
397 273 446 300 ac
489 257 660 299 turbido
705 259 824 310 limo,
871 257 985 312 quod
1029 271 1232 311 aquarum
1283 270 1490 298 concursu

135 318 313 360 subinde
347 318 556 370 turbatur,
587 318 679 370 iter,
712 331 796 371 qua
827 321 992 358 meatur
1022 316 1217 372 navigiis,
1250 316 1294 357 in
1320 319 1490 357 tenuem

135 380 298 420 alveum
343 377 521 433 cogitur.
584 375 732 430 Itaque
765 391 860 417 cum
895 376 1029 417 crebri
1062 376 1217 416 fluctus
1250 389 1292 416 se
1326 374 1492 415 invehe-

136 441 230 479 rent
263 440 305 478 et
335 438 506 478 navium
536 436 636 478 hinc
661 450 820 490 proras,
852 435 952 476 hinc
978 434 1109 476 latera
1134 434 1366 488 pulsarent,
1398 433 1493 474 sub·
1532 451 1547 477 5

137 497 289 539 ducere
327 498 480 537 nautae
518 495 611 537 vela
653 497 894 549 coeperunt.
964 492 1046 536 Sed
1080 494 1315 535 ministeria
1347 507 1492 534 eorum

138 557 238 597 hinc
270 559 407 609 aestu,
439 555 540 596 hinc
572 554 821 609 praerapida
861 555 1074 595 celeritate
1110 553 1334 593 fluminum
1375 566 1493 594 occu-

139 619 306 671 pantur.
368 613 418 655 In
460 615 594 656 oculis
637 614 825 654 omnium
869 613 952 654 duo
995 613 1155 654 maiora
1196 612 1368 667 navigia
1400 611 1495 652 sub-

139 690 278 717 mersa
315 677 431 715 sunt:
475 674 653 726 leviora,
697 687 793 715 cum
833 676 875 714 et
912 673 1004 727 ipsa
1041 673 1266 725 nequirent
1297 671 1409 726 regi,
1452 671 1496 712 in

139 735 273 789 ripam
315 737 458 775 tamen
491 732 665 774 innoxia
697 732 875 787 expulsa
907 734 1016 773 sunt.
1079 730 1174 785 lpse
1207 745 1278 772 rex
1312 731 1356 772 in
1388 730 1495 784 rapi·
1516 747 1550 773 10

140 794 337 835 dissiinos
375 793 555 834 vertices
588 792 749 845 incidit,
791 791 945 845 quibus
978 792 1136 832 intorta
1168 790 1289 831 navis
1322 789 1497 844 obliqua

93 872 102 881 ·
141 858 182 895 et
215 852 492 908 gubernaculi
524 851 736 906 inpatiens
769 851 985 906 agebatur.
1046 849 1135 891 Iam
1169 853 1329 891 vestem
1362 848 1496 890 detra-

140 916 260 955 xerat
297 912 465 966 corpori
504 912 771 966 proiecturus
811 913 945 951 semet
977 911 1021 951 in
1052 909 1229 961 flumen,
1274 908 1496 961 amicique,

139 977 187 1014 ut
219 972 463 1026 exciperent
494 986 609 1024 euni,
640 970 754 1011 haud
786 970 937 1023 procul
969 969 1147 1021 nabant,
1182 968 1496 1022 adparebatque

142 1046 294 1085 anceps
326 1031 561 1086 periculum
593 1033 681 1071 tam
714 1030 899 1070 nataturi
927 1043 1054 1082 quam
1083 1029 1281 1083 navigare
1308 1041 1497 1081 perseve-
1518 1044 1550 1070 15

142 1091 292 1132 rantis:
327 1104 427 1146 ergo
461 1091 622 1145 ingenti
657 1089 885 1130 certamine
918 1088 1134 1129 concitant
1166 1100 1322 1140 remos,
1369 1100 1498 1140 quan-

141 1154 270 1205 taque
303 1150 366 1191 vis
399 1149 586 1190 humana
618 1163 707 1190 esse
740 1151 920 1202 poterat,
953 1147 1123 1188 admota
1149 1151 1225 1200 est,
1258 1148 1306 1187 ut
1331 1145 1498 1195 fluctus,

143 1211 215 1265 qui
249 1224 292 1250 se
325 1208 592 1262 invehebant,
625 1208 984 1249 everberarentur.
1044 1206 1169 1247 Findi
1203 1205 1393 1247 crederes
1424 1219 1499 1245 un-

144 1270 216 1311 das
261 1272 303 1310 et
346 1272 459 1309 retro
503 1268 696 1323 gurgites
741 1267 897 1308 cedere.
968 1265 1130 1315 Quibus
1168 1265 1340 1305 tandem
1379 1263 1499 1305 navis

144 1332 289 1383 erepta
326 1342 411 1369 non
449 1330 591 1368 tamen
624 1327 741 1381 ripae
774 1327 1031 1380 adplicatur,
1076 1325 1148 1365 sed
1180 1325 1224 1364 in
1255 1323 1498 1378 proximum
1519 1341 1553 1366 20

144 1389 299 1430 vadum
340 1387 545 1428 inliditur.
616 1386 721 1427 Cum
758 1399 879 1426 amne
921 1385 1081 1426 bellum
1122 1383 1255 1424 fuisse
1297 1382 1498 1423 crederes.

143 1447 260 1501 Ergo
303 1448 385 1488 aris
424 1461 501 1501 pro
541 1460 718 1487 numero
757 1445 984 1486 fluminum
1022 1443 1174 1498 positis
1207 1442 1500 1495 sacrificioque

144 1508 257 1548 facto
290 1518 385 1547 XXX
419 1505 554 1547 stadia
586 1505 804 1559 processit.

235 1566 336 1607 Inde
380 1569 552 1606 ventum
595 1568 657 1606 est
698 1565 742 1605 in
783 1564 1001 1619 regionem
1036 1561 1317 1603 Sudracarum
1351 1559 1500 1601 Mallo·
1523 1563 1571 1599 16

145 1640 342 1680 rumque,
388 1639 495 1679 quos
528 1624 631 1665 alias
665 1624 824 1665 bellare
857 1623 967 1663 inter
999 1636 1042 1663 se
1075 1621 1226 1662 solitos
1259 1623 1361 1661 tunc
1391 1619 1500 1674 peri·
1521 1637 1553 1662 2⁵

148 1685 230 1726 culi
273 1685 453 1726 societas
487 1684 693 1724 iunxerat.
755 1682 1003 1737 Nonaginta
1034 1681 1152 1722 milia
1183 1680 1398 1720 iuniorum
1431 1693 1500 1733 pe-

147 1744 282 1785 ditum
329 1744 370 1784 in
413 1744 542 1784 armis
584 1745 721 1795 erant,
765 1745 931 1796 praeter
970 1740 1049 1781 hos
1087 1739 1278 1794 equitum
1320 1750 1349 1779 x
1382 1738 1501 1779 milia

245 1877 261 1906 1
296 1872 437 1917 coetus]
474 1876 577 1906 cetus
604 1874 629 1903 B
660 1882 702 1904 m.
731 1882 786 1914 pr.
818 1873 924 1903 LPV.
1073 1872 1092 1903 3
1128 1870 1272 1902 meatur
1305 1867 1499 1901 Heinsius:

147 1921 248 1954 meat
273 1923 312 1952 A.
437 1922 454 1951 7
484 1924 590 1952 aestu
612 1919 771 1962 Ieeptus:
806 1919 889 1951 cetu
911 1921 949 1950 A.
1072 1915 1312 1960 praerapida]
1353 1924 1499 1958 praera-

149 1968 238 2001 dida
257 1971 292 2000 F.
381 1966 623 2011 occupantur]
645 1965 903 2009 hoccupantur
922 1968 957 1998 P.
1039 1966 1059 1997 8
1080 1963 1244 1997 omnium
1266 1961 1339 1994 duo
1360 1961 1502 1994 maiora

148 2015 359 2050 Acidalz'us:
393 2014 465 2047 duo
493 2013 633 2047 maiora
659 2013 822 2046 omnium
850 2016 882 2051 C„
911 2011 983 2045 duo
1010 2011 1151 2045 maiora
1177 2013 1212 2043 P.
1313 2013 1353 2042 11
1382 2008 1500 2053 navis]

148 2062 293 2107 nauigii
320 2065 355 2095 P.
457 2065 499 2094 12
526 2060 728 2105 inpatiens]
756 2059 948 2103 inpaciens
974 2062 1044 2092 FP.
1148 2061 1188 2091 13
1216 2055 1345 2101 semet]
1374 2067 1449 2089 sem
1476 2059 1502 2088 1³

149 2122 263 2154 mpr.
334 2113 376 2143 15
398 2108 579 2153 nataturi]
601 2110 775 2141 natatura
795 2111 821 2139 F
841 2118 885 2141 m.
899 2118 967 2150 pr„
988 2105 1110 2139 naturi
1124 2109 1154 2138 V
1177 2117 1218 2138 m.
1234 2116 1287 2147 pr.
1362 2106 1403 2137 16
1426 2113 1502 2137 cer-

151 2157 305 2202 tamine]
334 2155 537 2190 certamina
564 2159 599 2188 P.
716 2154 849 2199 remos]
876 2164 997 2187 ramos
1018 2157 1052 2186 P.
1174 2155 1215 2185 17
1238 2151 1414 2196 humana]
1436 2150 1503 2183 hu-

150 2209 261 2239 mana.
281 2208 319 2237 V.
418 2203 581 2248 poterat]
608 2202 747 2247 poterit
772 2205 798 2234 F
827 2214 866 2234 m.
884 2213 942 2245 pr.
1038 2204 1080 2234 18
1101 2210 1139 2234 se
1160 2197 1385 2232 invehebant
1404 2202 1438 2231 1:
1466 2199 1502 2230 in

151 2264 188 2286 se
210 2252 398 2285 uehebant
417 2254 457 2284 A.
570 2253 611 2284 19
639 2249 783 2294 cedere]
811 2249 958 2282 credere.
985 2251 1024 2280 V.
1135 2251 1179 2280 20
1206 2246 1323 2291 ripae]
1351 2255 1440 2289 rpae
1466 2248 1501 2278 P.

151 2304 192 2334 21
217 2311 322 2333 amne
344 2302 402 2331 PB
426 2311 467 2333 m.
488 2309 570 2333 sec:
599 2297 698 2331 anmi
713 2301 746 2330 C.
822 2300 865 2329 25
887 2294 1058 2340 periculi]
1079 2293 1234 2328 bericuli
1248 2297 1284 2326 L.
1358 2296 1402 2326 26
1423 2292 1503 2326 iun-

150 2347 269 2392 xerat]
291 2347 483 2380 iuncxerat
497 2349 536 2379 V.
635 2343 849 2388 Nonaginta
874 2343 979 2376 milia
1008 2343 1221 2377 Loccenius:
1250 2341 1329 2375 v‘fin
1351 2343 1389 2373 A.
