1610 2522
350 116 686 152 HISTORIARUM
713 116 997 150 ALEXANDRI
1024 115 1136 157 VIIII,
1164 120 1194 148 5.
1368 113 1450 154 327

102 228 239 282 clipeo
267 242 311 268 se
339 226 532 268 adlevare
559 228 735 267 conatus
762 227 826 266 est
847 227 904 278 et,
938 227 1166 279 postquam
1193 224 1246 265 ad
1266 224 1456 264 coniten-
1486 234 1525 263 13

102 287 201 328 dum
230 286 338 327 nihil
365 288 582 340 supererat
613 285 779 338 virium,
812 284 983 325 dextera
1009 283 1287 337 inpendentes
1313 296 1455 323 ramos

102 346 336 400 conplexus
363 345 601 400 temptabat
627 345 864 399 adsurgere.
914 342 997 384 Sed
1023 358 1074 383 ne
1101 343 1161 383 sic
1190 342 1362 396 quidem
1383 356 1455 395 po-

102 408 196 447 tens
229 405 419 459 corporis
452 419 597 445 rursus
631 404 672 444 in
706 418 844 459 genua
874 402 1120 457 procumbit
1152 416 1280 442 manu
1307 415 1456 455 provo-

34 468 80 503 21
105 479 203 507 cans
225 465 381 517 hostes,
408 465 442 505 si
463 464 558 518 quis
581 463 780 518 congredi
802 462 984 503 auderet.
1023 461 1211 502 Tandem
1231 460 1456 502 Peucestes
1486 471 1527 500 14

67 541 82 566 s
105 540 179 578 per
220 525 344 565 aliam
387 523 536 577 oppidi
578 525 741 576 partem
787 521 1021 563 deturbatis
1064 520 1456 576 propugnatoribus

104 584 215 625 muri
255 583 435 638 vestigia
477 596 734 636 persequens
767 581 879 636 regis
913 580 1170 634 supervenit.
1234 578 1326 628 Quo
1361 594 1457 620 con·
1487 590 1527 619 15

106 646 251 698 specto
286 642 525 683 Alexander
563 641 647 682 iam
681 656 766 682 non
799 641 910 681 vitae
944 655 1075 694 spem,
1107 639 1180 681 sed
1212 639 1361 680 mortis
1395 653 1457 679 so-

104 702 259 744 lacium
295 701 586 755 supervenisse
624 703 741 741 ratus
775 701 911 755 clipeo
944 700 1173 754 fatigatum
1206 712 1360 752 corpus
1393 712 1458 738 ex-

53 779 85 804 10
106 763 229 816 cepit.
282 760 468 802 Subinde
495 760 692 801 Timaeus
726 763 768 800 et
800 759 926 813 paulo
954 762 1052 813 post
1077 758 1334 811 Leonnatus,
1360 757 1459 798 huic

106 821 334 862 Aristonus
368 820 619 875 supervenit.
677 818 772 859 Indi
806 833 987 873 quoque,
1021 833 1115 859 cum
1149 819 1260 858 intra
1294 817 1459 857 moenia
1489 827 1530 856 16

105 896 247 935 regem
287 894 377 921 esse
415 880 722 934 conperissent,
765 878 934 919 omissis
968 878 1118 918 ceteris
1152 877 1255 918 illuc
1288 890 1459 918 concur-

105 943 253 981 rerunt
293 939 584 995 urgebantque
626 941 897 993 protegentes
943 952 1050 978 eum.
1126 936 1160 976 E
1205 936 1359 990 quibus
1393 935 1459 976 Ti-

107 1014 250 1040 maeus
283 999 429 1039 multis
460 998 634 1039 adverso
662 1012 836 1051 corpore
863 996 1109 1037 vulneribus
1137 996 1320 1050 acceptis
1348 1010 1461 1050 egre-

55 1075 86 1100 15
107 1059 261 1114 giaque
303 1058 415 1099 edita
457 1072 600 1113 pugna
641 1057 808 1098 cecidit:
847 1056 1072 1097 Peucestes
1115 1069 1284 1109 quoque
1325 1055 1461 1095 tribus
1491 1065 1530 1094 17

107 1117 256 1159 iaculis
289 1117 508 1158 confossus
541 1131 627 1157 non
654 1131 697 1157 se
724 1119 865 1157 tamen
892 1118 1025 1168 scuto,
1052 1115 1123 1156 sed
1149 1129 1293 1169 regem
1319 1114 1462 1155 tueba-

107 1178 251 1218 batur:
284 1177 539 1230 Leonnatus,
572 1176 672 1216 dum
706 1176 825 1216 avide
857 1177 1027 1216 ruentes
1058 1173 1263 1216 barbaros
1294 1174 1462 1214 submo-

108 1240 194 1290 vet,
240 1236 399 1277 cervice
441 1235 628 1291 graviter
670 1235 753 1276 icta
796 1234 1054 1276 semianimis
1096 1234 1323 1288 procubuit
1364 1235 1462 1273 ante

109 1296 221 1351 regis
265 1296 403 1349 pedes.
478 1294 568 1336 Iam
613 1298 655 1336 et
700 1294 922 1335 Peucestes
966 1293 1213 1335 vulneribus
1257 1292 1462 1347 fatigatus
1493 1301 1532 1331 18

58 1372 91 1396 20
111 1355 364 1397 submiserat
397 1355 598 1408 clipeum:
632 1354 675 1394 in
704 1353 907 1394 Aristono
941 1367 1037 1407 spes
1069 1353 1221 1393 ultima
1251 1351 1463 1393 haerebat.

108 1414 191 1455 Hic
224 1429 392 1468 quoque
425 1414 613 1468 graviter
640 1413 806 1454 saucius
833 1415 996 1453 tantam
1022 1412 1109 1453 vim
1135 1412 1324 1452 hostium
1351 1410 1466 1452 ultra

111 1474 317 1514 sustinere
350 1488 437 1514 non
461 1475 640 1527 poterat.
691 1471 808 1513 Inter
833 1473 935 1512 haec
962 1471 1013 1512 ad
1040 1470 1293 1512 Macedonas
1320 1484 1464 1524 regem
1493 1480 1534 1509 19

111 1533 310 1574 cecidjsse
343 1533 456 1573 fama
487 1532 649 1586 perlata
683 1535 755 1572 est.
806 1530 1044 1572 Terruisset
1077 1530 1194 1584 alios,
1227 1530 1342 1583 quod
1368 1529 1464 1570 iUos

112 1592 316 1633 incitavit.
378 1591 574 1645 Namque
606 1591 784 1646 periculi
824 1590 960 1631 omnis
993 1590 1245 1631 inmemores
1279 1588 1464 1629 dolabris

60 1667 91 1692 25
112 1652 351 1706 perfregere
384 1666 552 1692 murum
585 1654 645 1704 et,
690 1665 773 1704 qua
804 1650 944 1691 moliti
976 1652 1096 1690 erant
1128 1648 1308 1701 aditum,
1352 1648 1465 1688 inru-

111 1726 209 1765 pere
254 1711 296 1750 in
338 1710 486 1751 urbem
518 1709 730 1763 Indosque
771 1709 913 1763 plures
954 1709 1167 1764 fugientes
1210 1722 1336 1761 quam
1370 1721 1464 1748 con-

113 1770 233 1825 gredi
259 1783 383 1810 ausos
412 1770 663 1811 ceciderunt.
713 1768 813 1810 Non
840 1768 1023 1820 senibus,
1055 1782 1143 1808 non
1169 1767 1351 1818 feminis,
1380 1781 1465 1808 non
1493 1776 1536 1806 20

113 1829 348 1871 infantibus
380 1829 584 1883 parcitur:
619 1829 810 1882 quisquis
844 1830 1095 1881 occurrerat,
1131 1826 1181 1868 ab
1216 1827 1290 1867 1110
1324 1826 1465 1866 vulne-

212 1951 227 1980 1
258 1945 393 1991 clipeo]
423 1945 552 1989 clypeo
578 1948 604 1978 B
627 1957 668 1979 m.
687 1956 744 1989 pr.
765 1948 871 1978 LPV.
983 1946 1039 1978 est
1066 1944 1116 1989 et]
1145 1945 1181 1976 et
1208 1947 1240 1977 c.
1352 1945 1371 1974 3
1399 1942 1465 1987 sic]

115 1994 146 2027 si
171 1997 210 2028 V.
310 1997 329 2026 6
358 1993 501 2038 oppidi]
529 1993 632 2037 opidi
657 1997 697 2026 V.
796 1996 813 2025 ’ἲ
842 1993 940 2036 regis
967 1995 1008 2025 P:
1036 1991 1116 2035 regi
1143 1994 1175 2024 C.
1282 1989 1374 2034 Quo]
1403 1989 1466 2033 qui

115 2045 142 2074 F
161 2053 204 2075 m.
223 2052 279 2084 pr.
356 2047 375 2073 ὅ
397 2050 500 2084 spem
520 2041 724 2075 Bentleins:
747 2051 833 2073 suae
854 2043 893 2073 A.
969 2043 988 2072 9
1010 2038 1128 2083 clipeo
1148 2042 1181 2071 1:
1204 2037 1334 2081 clypeo
1357 2040 1394 2071 A.

116 2088 275 2134 excepit]
304 2088 472 2132 excoepit
499 2091 534 2121 P.
615 2092 657 2121 10
686 2087 849 2121 Subinde
876 2091 917 2120 P:
946 2087 1046 2120 subit
1071 2086 1156 2119 inde
1184 2090 1217 2118 C.
1300 2089 1340 2117 11
1369 2094 1466 2117 moe-

117 2136 193 2181 nia]
221 2135 390 2169 meuenia
416 2139 454 2168 V.
556 2139 597 2168 12
627 2134 786 2179 omissis]
815 2134 940 2168 omisis
967 2137 1004 2168 Β.
1117 2136 1158 2166 13
1186 2144 1279 2166 eum.
1331 2131 1359 2164 E
1387 2132 1467 2175 qui-

116 2182 184 2216 bus
213 2183 411 2217 Kinchz'us:
441 2194 523 2216 cum
549 2182 683 2225 quibus
709 2185 745 2223 P,
773 2194 814 2215 ex
842 2181 976 2224 quibus
1003 2185 1034 2214 G.
1125 2184 1167 2214 18
1194 2180 1284 2224 icta]
1312 2179 1412 2213 iacta
1431 2182 1467 2212 P.

119 2234 162 2263 20
189 2229 363 2275 clipeum]
397 2230 569 2274 clypeum
595 2233 620 2262 B
641 2242 686 2264 m.
702 2241 760 2273 pr.
782 2232 883 2262 FLP.
1007 2227 1194 2272 Aristono]
1223 2227 1406 2260 aristonos
1432 2229 1466 2258 P.

120 2281 162 2310 22
191 2277 251 2322 ad]
279 2288 345 2311 om.
366 2281 401 2311 P,
484 2281 528 2311 ²24
555 2276 673 2311 omm's
702 2277 869 2311 Modius:
899 2287 1023 2309 omues
1052 2278 1090 2309 A.
1172 2278 1215 2308 25
1242 2273 1466 2318 perfregere]

119 2323 349 2369 perfringere
374 2328 409 2358 P.
545 2324 731 2369 inrupere]
758 2324 960 2367 irrumpere
987 2327 1021 2356 P.
1174 2325 1216 2355 28
1245 2322 1467 2364 occurrerat]¹

119 2374 367 2405 occurrererat
394 2375 433 2404 V.
