1610 2522
314 109 645 145 HISTORIARUM
671 107 953 142 ALEXANDRI
979 107 1056 149 IIII,
1086 111 1138 141 14.
1170 111 1221 140 15.
1387 106 1439 146 9Ῑ

93 221 167 262 sed
199 221 346 273 etiam,
385 234 493 273 quae
524 218 713 260 hostium
755 220 866 270 sunt,
905 218 1197 269 occupaturos.
1262 214 1445 256 Proinde
1474 231 1492 251 N.

95 295 181 322 non
213 283 287 333 est,
320 278 434 333 quod
466 279 621 319 virium
649 278 875 332 quicquam
904 275 1112 317 subducat
1144 290 1194 316 ex
1227 275 1327 328 acie,
1361 274 1444 317 sed.

94 343 141 381 ut
173 354 252 392 me,
290 342 337 380 ut
369 338 571 392 Philippo
604 339 724 391 patre
757 336 931 391 dignum
967 338 1041 388 est,
1084 337 1328 387 contempto
1363 348 1445 374 sar-

94 400 284 441 cinarum
318 398 469 439 damno
509 397 678 438 fortiter
713 395 913 437 dimicet'.
976 394 1151 435 Interim
1185 393 1355 434 barbari
1386 394 1446 434 in·
1474 407 1492 434 ε)

58 475 73 500 5
95 458 338 513 pedimenta
382 457 656 498 turbaverant
701 456 917 508 caesisque
962 454 1175 508 plerisque
1221 453 1443 495 custodum

95 518 252 572 captivi
283 517 464 558 vinculis
497 516 647 569 ruptis,
681 514 888 569 quidquid
920 514 1093 555 obvium
1126 516 1227 567 erat,
1267 527 1351 566 quo
1385 527 1445 552 au

93 577 201 618 mari
232 579 425 631 possent,
461 575 669 629 arripiunt
701 577 742 615 et
775 573 993 629 adgregati
1026 586 1200 614 suorum
1233 571 1446 626 equitibus

94 636 347 678 Macedonas
368 635 546 689 ancipiti
567 635 879 675 circumventos
901 632 1013 674 malo
1036 632 1252 673 invadunt.
1316 631 1448 683 Laeti,
1478 644 1519 673 10

95 697 168 750 qui
207 697 316 736 circa
356 693 631 750 Sisigambim
671 697 808 746 erant,
852 693 1003 733 vicisse
1042 691 1246 744 Dareum,
1286 691 1447 746 ingenti

42 771 76 798 ιο
96 756 221 797 caede
253 757 490 809 prostratos
522 753 671 806 hostis,
710 752 762 793 ad
794 752 995 792 ultimum
1028 752 1157 792 etiam
1189 750 1449 805 inpedimen-

95 816 150 856 tis
178 818 327 855 exutos
356 828 445 854 esse
471 814 687 854 nuntiant:
721 813 880 866 quippe
907 811 1082 852 eandem
1110 811 1327 852 fortunam
1360 808 1449 850 ubi-

97 889 177 928 que
210 888 300 915 esse
327 872 553 914 credebant
585 875 626 913 et
658 872 840 913 victores
867 870 1017 912 Persas
1051 870 1103 911 ad
1134 869 1335 924 praedam
1370 868 1451 909 dis-

98 934 287 975 currisse.
352 931 603 987 Sisigambis
635 931 910 972 hortantibus
943 930 1142 984 captivis,
1180 932 1228 970 ut
1260 928 1449 969 animum
1481 941 1519 970 11

96 1008 120 1034 a
152 1007 341 1034 maerore
374 992 598 1044 adlevaret,
632 992 675 1031 in
708 990 868 1043 eodem,
902 1004 985 1043 quo
1020 992 1144 1030 antea
1174 988 1274 1041 fuit,
1312 1002 1451 1042 perse-

44 1068 75 1093 15
97 1052 270 1094 veravit.
332 1050 432 1092 Non
465 1065 549 1092 vox
581 1050 669 1091 ulla
701 1050 860 1091 excidit
891 1050 942 1103 ei,
973 1063 1060 1090 non
1094 1049 1179 1089 oris
1213 1048 1331 1089 color
1362 1047 1452 1088 vul-

98 1116 218 1153 tusve
245 1113 433 1152 mutatus
464 1113 545 1151 est:
578 1110 686 1150 sedit
713 1109 929 1151 inmobilis
964 1133 1018 1137 —
1053 1108 1190 1161 credo,
1221 1107 1451 1161 praecoqui

99 1170 254 1227 gaudio
300 1171 434 1211 verita
478 1170 652 1210 inritare
697 1170 915 1210 fortunam
967 1193 1035 1220 —,
1086 1167 1188 1208 adeo
1242 1169 1299 1220 ut,
1351 1166 1453 1220 quid

99 1229 256 1283 mallet,
298 1229 563 1271 intuentibus
606 1243 697 1269 eam
739 1228 869 1269 fuerit
911 1227 1131 1269 incertum.
1194 1225 1310 1267 Inter
1350 1225 1452 1266 haec
1482 1237 1523 1267 12

99 1289 310 1343 Menidas,
356 1289 595 1343 praefectus
638 1288 830 1342 equitum
871 1286 1124 1340 Alexandri,
1169 1300 1264 1326 cum
1306 1285 1452 1339 paucis

47 1365 80 1390 20
99 1350 251 1391 turmis
273 1363 397 1403 opem
419 1348 720 1402 inpedimentis
740 1348 904 1389 laturus
925 1346 1152 1388 advenerat
1166 1370 1221 1374 -
1238 1348 1303 1386 est
1323 1345 1454 1385 incer-

100 1412 210 1462 tum,
255 1423 385 1449 suone
431 1407 608 1448 consilio
656 1422 708 1448 an
751 1407 863 1462 regis
908 1406 1086 1460 imperio
1133 1430 1207 1456 —,
1252 1404 1324 1445 sed
1368 1418 1454 1444 non

102 1468 304 1509 sustinuit
337 1467 617 1508 Cadusiorum
652 1466 992 1520 Scytharumque
1031 1466 1256 1518 impetum:
1296 1464 1454 1517 quippe

101 1528 173 1568 vix
204 1529 413 1581 temptato
448 1526 678 1567 certamine
709 1525 870 1581 refugit
908 1524 960 1565 ad
998 1539 1159 1580 regem,
1199 1524 1451 1564 amissorum

104 1586 494 1640 inpedimentorum
525 1585 646 1626 testis
680 1585 816 1639 magis
851 1598 977 1638 quam
1004 1584 1170 1624 vindex.
1233 1581 1323 1623 Iam
1358 1596 1455 1623 con·
1485 1593 1527 1623 13

51 1660 84 1686 25
105 1645 247 1687 silium
275 1645 507 1686 Alexandri
540 1644 661 1685 dolor
686 1645 857 1697 vicerat,
889 1646 942 1696 et,
974 1658 1026 1684 ne
1053 1657 1153 1684 cura
1178 1641 1455 1696 recuperandi

105 1720 180 1746 sua
223 1704 399 1745 militem
441 1719 463 1744 a
504 1705 667 1758 proelio
710 1705 934 1756 averteret,
975 1717 1060 1744 non
1102 1702 1301 1743 inmerito
1343 1715 1457 1741 vere-

104 1765 248 1805 batur:
294 1765 435 1817 itaque
480 1762 657 1818 Areten,
702 1763 851 1804 ducem
895 1761 1161 1803 hastatorum
1205 1785 1262 1789 —
1307 1760 1456 1803 sariso-

34 1825 80 1860 57
105 1823 262 1877 phoros
306 1823 516 1864 vocabant
560 1848 610 1851 ——
656 1822 854 1863 adversus
899 1821 1079 1875 Scythas
1127 1821 1270 1861 mittit.
1342 1818 1529 1861 Inter-14

106 1883 211 1924 haec
244 1897 403 1935 currus,
438 1883 512 1935 qui
546 1882 657 1924 circa
689 1882 827 1936 prima
859 1881 981 1936 signa
1006 1880 1282 1922 turbaverant
1314 1879 1458 1931 aciem,

54 1957 88 1982 ,η
108 1943 151 1982 in
194 1941 451 1997 phalangem
501 1942 657 1982 invecti
708 1943 850 1982 erant:
902 1939 1153 1981 Macedones
1198 1938 1459 1980 confirmatis

203 2038 223 2068 4
243 2034 515 2080 inpedimenta]
531 2033 699 2078 inpedim
714 2036 753 2067 ta
767 2037 801 2066 L.
878 2038 897 2066 5
918 2032 1175 2077 turbaverant]
1191 2031 1410 2065 turbauerat
1424 2034 1458 2063 P.

109 2086 129 2115 8
150 2081 266 2124 Laeti,
281 2082 344 2125 qui
358 2085 390 2115 1:
406 2081 571 2125 laetique
585 2084 624 2115 A.
689 2085 707 2114 9
729 2081 889 2114 Dareum
903 2084 936 2114 1:
959 2080 1103 2114 darium
1118 2083 1157 2112 A.
1222 2082 1265 2113 10
1285 2078 1403 2112 hostis
1417 2081 1459 2110 P:

108 2129 232 2163 hostes
259 2134 291 2162 c.
381 2133 422 2163 14
449 2129 538 2173 quo]
565 2129 664 2172 quod
690 2132 725 2161 L.
803 2132 845 2162 19
873 2128 1041 2161 Menidas
1068 2127 1209 2161 Lauer:
1236 2125 1396 2159 minidas
1421 2128 1459 2158 A.

111 2180 154 2211 20
175 2178 231 2210 est
248 2177 392 2220 scripsi:
415 2178 452 2210 et
465 2180 504 2209 A.
580 2180 621 2209 21
643 2176 756 2220 regis]
778 2176 876 2221 geris
890 2179 929 2208 V.
1002 2179 1044 2208 22
1067 2174 1310 2208 Cadusiorum
1326 2173 1461 2207 Frobe-

113 2226 210 2258 m'us:
226 2222 486 2257 Caucasiorum
501 2227 539 2257 A.
615 2223 925 2268 Scytharumque]
947 2222 1225 2266 scitharumque
1238 2224 1279 2263 V,
1297 2220 1461 2255 schitha-

110 2281 265 2314 rumque
278 2274 348 2313 BL,
363 2271 640 2314 schitarumque
654 2274 691 2304 F.
761 2274 804 2304 25
825 2282 870 2304 ne
885 2282 950 2305 om.
965 2274 990 2303 P
1004 2281 1049 2303 m.
1058 2281 1118 2313 pr.
1188 2272 1232 2302 26
1248 2267 1460 2312 verebatur]

111 2317 365 2352 uerberaturP
379 2330 422 2352 m.
435 2330 492 2362 pr.
562 2322 604 2351 27
625 2318 859 2352 hastatorum
873 2322 906 2351 1:
929 2319 1093 2351 astarum
1107 2320 1146 2349 A.
1222 2319 1266 2349 28
1288 2315 1460 2359 Scythas]

112 2365 250 2399 scithas
264 2369 304 2408 V,
324 2365 462 2399 schitas
477 2369 580 2399 BFI..
656 2369 699 2399 ’29
720 2366 841 2409 prima
861 2365 968 2409 signa
990 2365 1129 2399 Lazter:
1153 2363 1259 2408 signa
1281 2363 1402 2407 prima
1421 2366 1459 2395 A.

185 2431 322 2457 Cturtts
342 2431 448 2457 Rurcs
469 2431 514 2456 ed.
534 2431 714 2456 Hedicke.
754 2431 808 2455 Ed.
830 2430 933 2454 maior.
1230 2426 1247 2455 Τ
