<?xml version="1.0" encoding="UTF-8"?>
<!DOCTYPE html PUBLIC "-//W3C//DTD XHTML 1.0 Transitional//EN"
    "http://www.w3.org/TR/xhtml1/DTD/xhtml1-transitional.dtd">
<html xmlns="http://www.w3.org/1999/xhtml" xml:lang="en" lang="en">
 <head>
  <title>
</title>
<meta http-equiv="Content-Type" content="text/html;charset=utf-8" />
  <meta name='ocr-system' content='tesseract 3.04.00' />
  <meta name='ocr-capabilities' content='ocr_page ocr_carea ocr_par ocr_line ocrx_word'/>
</head>
<body>
  <div class='ocr_page' id='page_1' title='image "./historiaealexand00curtuoft_0159.png"; bbox 0 0 1610 2522; ppageno 0'>
   <div class='ocr_carea' id='block_1_1' title="bbox 70 459 83 483">
    <p class='ocr_par' dir='ltr' id='par_1_1' title="bbox 70 459 83 483">
     <span class='ocr_line' id='line_1_1' title="bbox 70 459 83 483; baseline 0 0"><span class='ocrx_word' id='word_1_1' title='bbox 70 459 83 483; x_wconf 79' lang='lat'>5</span> 
     </span>
    </p>
   </div>
   <div class='ocr_carea' id='block_1_2' title="bbox 52 756 85 781">
    <p class='ocr_par' dir='ltr' id='par_1_2' title="bbox 52 756 85 781">
     <span class='ocr_line' id='line_1_2' title="bbox 52 756 85 781; baseline -0.03 0"><span class='ocrx_word' id='word_1_2' title='bbox 52 756 85 781; x_wconf 93' lang='grc'>10</span> 
     </span>
    </p>
   </div>
   <div class='ocr_carea' id='block_1_3' title="bbox 52 1051 85 1077">
    <p class='ocr_par' dir='ltr' id='par_1_3' title="bbox 52 1051 85 1077">
     <span class='ocr_line' id='line_1_3' title="bbox 52 1051 85 1077; baseline 0 0"><span class='ocrx_word' id='word_1_3' title='bbox 52 1051 85 1077; x_wconf 87' lang='lat'>15</span> 
     </span>
    </p>
   </div>
   <div class='ocr_carea' id='block_1_4' title="bbox 35 1215 84 1251">
    <p class='ocr_par' dir='ltr' id='par_1_4' title="bbox 35 1215 84 1251">
     <span class='ocr_line' id='line_1_4' title="bbox 35 1215 84 1251; baseline 0 0"><span class='ocrx_word' id='word_1_4' title='bbox 35 1215 84 1251; x_wconf 83' lang='lat'>36</span> 
     </span>
    </p>
   </div>
   <div class='ocr_carea' id='block_1_5' title="bbox 53 1349 87 1374">
    <p class='ocr_par' dir='ltr' id='par_1_5' title="bbox 53 1349 87 1374">
     <span class='ocr_line' id='line_1_5' title="bbox 53 1349 87 1374; baseline 0 0"><span class='ocrx_word' id='word_1_5' title='bbox 53 1349 87 1374; x_wconf 80' lang='lat'>20</span> 
     </span>
    </p>
   </div>
   <div class='ocr_carea' id='block_1_6' title="bbox 53 1645 88 1670">
    <p class='ocr_par' dir='ltr' id='par_1_6' title="bbox 53 1645 88 1670">
     <span class='ocr_line' id='line_1_6' title="bbox 53 1645 88 1670; baseline 0 0"><span class='ocrx_word' id='word_1_6' title='bbox 53 1645 88 1670; x_wconf 73' lang='lat'>25</span> 
     </span>
    </p>
   </div>
   <div class='ocr_carea' id='block_1_7' title="bbox 344 93 1460 136">
    <p class='ocr_par' dir='ltr' id='par_1_7' title="bbox 344 93 1460 136">
     <span class='ocr_line' id='line_1_7' title="bbox 344 93 1460 136; baseline 0 -8"><span class='ocrx_word' id='word_1_7' title='bbox 344 93 678 129; x_wconf 78' lang='lat' dir='ltr'><strong>HISTORIARUM</strong></span> <span class='ocrx_word' id='word_1_8' title='bbox 704 93 986 128; x_wconf 83' lang='lat' dir='ltr'>ALEXANDRI</span> <span class='ocrx_word' id='word_1_9' title='bbox 1012 93 1054 136; x_wconf 79' lang='lat' dir='ltr'>V,</span> <span class='ocrx_word' id='word_1_10' title='bbox 1084 98 1137 128; x_wconf 83' lang='grc'>1-2.</span> <span class='ocrx_word' id='word_1_11' title='bbox 1162 97 1214 128; x_wconf 85' lang='grc'>13.</span> <span class='ocrx_word' id='word_1_12' title='bbox 1379 94 1460 135; x_wconf 73' lang='lat'>145</span> 
     </span>
    </p>
   </div>
   <div class='ocr_carea' id='block_1_8' title="bbox 106 202 1461 376">
    <p class='ocr_par' dir='ltr' id='par_1_8' title="bbox 106 202 1461 376">
     <span class='ocr_line' id='line_1_8' title="bbox 106 202 1460 258; baseline -0.001 -13"><span class='ocrx_word' id='word_1_13' title='bbox 106 204 250 257; x_wconf 77' lang='lat' dir='ltr'>mum’,</span> <span class='ocrx_word' id='word_1_14' title='bbox 296 203 453 258; x_wconf 79' lang='lat' dir='ltr'>inquit⁷</span> <span class='ocrx_word' id='word_1_15' title='bbox 499 204 640 257; x_wconf 79' lang='lat' dir='ltr'>‘opus‚</span> <span class='ocrx_word' id='word_1_16' title='bbox 685 203 756 244; x_wconf 88' lang='lat' dir='ltr'>sed</span> <span class='ocrx_word' id='word_1_17' title='bbox 793 203 915 243; x_wconf 89' lang='lat' dir='ltr'>labor</span> <span class='ocrx_word' id='word_1_18' title='bbox 947 202 1222 243; x_wconf 88' lang='lat' dir='ltr'>brevissimus</span> <span class='ocrx_word' id='word_1_19' title='bbox 1256 205 1460 256; x_wconf 86' lang='lat' dir='ltr'>superest.</span> 
     </span>
     <span class='ocr_line' id='line_1_9' title="bbox 106 261 1460 317; baseline -0.001 -13"><span class='ocrx_word' id='word_1_20' title='bbox 106 263 269 304; x_wconf 86' lang='lat' dir='ltr'>Dareus</span> <span class='ocrx_word' id='word_1_21' title='bbox 313 263 426 304; x_wconf 88' lang='lat' dir='ltr'>haud</span> <span class='ocrx_word' id='word_1_22' title='bbox 471 263 621 317; x_wconf 88' lang='lat' dir='ltr'>procul</span> <span class='ocrx_word' id='word_1_23' title='bbox 665 262 895 303; x_wconf 90' lang='lat' dir='ltr'>destitutus</span> <span class='ocrx_word' id='word_1_24' title='bbox 933 277 956 302; x_wconf 88' lang='lat' dir='ltr'>a</span> <span class='ocrx_word' id='word_1_25' title='bbox 990 261 1077 303; x_wconf 87' lang='lat' dir='ltr'>suis</span> <span class='ocrx_word' id='word_1_26' title='bbox 1110 264 1184 303; x_wconf 90' lang='lat' dir='ltr'>aut</span> <span class='ocrx_word' id='word_1_27' title='bbox 1216 276 1460 316; x_wconf 88' lang='lat' dir='ltr'>oppressus:</span> 
     </span>
     <span class='ocr_line' id='line_1_10' title="bbox 106 321 1461 376; baseline -0.001 -13"><span class='ocrx_word' id='word_1_28' title='bbox 106 323 149 364; x_wconf 90' lang='lat' dir='ltr'>in</span> <span class='ocrx_word' id='word_1_29' title='bbox 182 323 256 364; x_wconf 86' lang='lat' dir='ltr'>illo</span> <span class='ocrx_word' id='word_1_30' title='bbox 289 336 464 376; x_wconf 90' lang='lat' dir='ltr'>corpore</span> <span class='ocrx_word' id='word_1_31' title='bbox 496 321 636 376; x_wconf 89' lang='lat' dir='ltr'>posita</span> <span class='ocrx_word' id='word_1_32' title='bbox 669 324 732 362; x_wconf 88' lang='lat' dir='ltr'>est</span> <span class='ocrx_word' id='word_1_33' title='bbox 764 324 908 362; x_wconf 82' lang='lat' dir='ltr'>nostra</span> <span class='ocrx_word' id='word_1_34' title='bbox 941 321 1132 375; x_wconf 80' lang='lat' dir='ltr'>victoria,</span> <span class='ocrx_word' id='word_1_35' title='bbox 1171 324 1212 362; x_wconf 90' lang='lat' dir='ltr'>et</span> <span class='ocrx_word' id='word_1_36' title='bbox 1244 324 1363 362; x_wconf 88' lang='lat' dir='ltr'>tanta</span> <span class='ocrx_word' id='word_1_37' title='bbox 1395 336 1461 361; x_wconf 87' lang='lat' dir='ltr'>res</span> 
     </span>
    </p>
   </div>
   <div class='ocr_carea' id='block_1_9' title="bbox 106 380 1502 435">
    <p class='ocr_par' dir='ltr' id='par_1_9' title="bbox 106 380 1502 435">
     <span class='ocr_line' id='line_1_11' title="bbox 106 380 1502 435; baseline -0.002 -12"><span class='ocrx_word' id='word_1_38' title='bbox 106 382 334 423; x_wconf 86' lang='lat' dir='ltr'>celeritatis</span> <span class='ocrx_word' id='word_1_39' title='bbox 380 384 443 422; x_wconf 91' lang='lat' dir='ltr'>est</span> <span class='ocrx_word' id='word_1_40' title='bbox 487 381 748 435; x_wconf 83' lang='lat' dir='ltr'>praemium.&#39;</span> <span class='ocrx_word' id='word_1_41' title='bbox 813 380 971 421; x_wconf 81' lang='lat' dir='ltr'><strong>Omnes</strong></span> <span class='ocrx_word' id='word_1_42' title='bbox 1003 381 1164 435; x_wconf 87' lang='lat' dir='ltr'>pariter</span> <span class='ocrx_word' id='word_1_43' title='bbox 1196 382 1502 422; x_wconf 73' lang='lat' dir='ltr'>conclamant:</span> 
     </span>
    </p>
   </div>
   <div class='ocr_carea' id='block_1_10' title="bbox 104 440 1461 614">
    <p class='ocr_par' dir='ltr' id='par_1_10' title="bbox 104 440 1461 614">
     <span class='ocr_line' id='line_1_12' title="bbox 104 440 1460 496; baseline -0.001 -13"><span class='ocrx_word' id='word_1_44' title='bbox 104 444 277 496; x_wconf 85' lang='lat' dir='ltr'>paratos</span> <span class='ocrx_word' id='word_1_45' title='bbox 319 441 435 496; x_wconf 89' lang='lat' dir='ltr'>ipsos</span> <span class='ocrx_word' id='word_1_46' title='bbox 469 442 606 495; x_wconf 86' lang='lat' dir='ltr'>sequi:</span> <span class='ocrx_word' id='word_1_47' title='bbox 651 454 728 482; x_wconf 89' lang='lat' dir='ltr'>nec</span> <span class='ocrx_word' id='word_1_48' title='bbox 759 441 896 482; x_wconf 88' lang='lat' dir='ltr'>labori</span> <span class='ocrx_word' id='word_1_49' title='bbox 928 453 1004 481; x_wconf 89' lang='lat' dir='ltr'>nec</span> <span class='ocrx_word' id='word_1_50' title='bbox 1037 440 1225 495; x_wconf 89' lang='lat' dir='ltr'>periculo</span> <span class='ocrx_word' id='word_1_51' title='bbox 1259 443 1460 494; x_wconf 88' lang='lat' dir='ltr'>parceret.</span> 
     </span>
     <span class='ocr_line' id='line_1_13' title="bbox 105 499 1461 556; baseline -0.001 -14"><span class='ocrx_word' id='word_1_52' title='bbox 105 499 244 556; x_wconf 77' lang='lat' dir='ltr'>Igitur</span> <span class='ocrx_word' id='word_1_53' title='bbox 275 501 432 555; x_wconf 90' lang='lat' dir='ltr'>raptim</span> <span class='ocrx_word' id='word_1_54' title='bbox 465 514 618 554; x_wconf 81' lang='lat' dir='ltr'>agmen</span> <span class='ocrx_word' id='word_1_55' title='bbox 650 514 798 541; x_wconf 89' lang='lat' dir='ltr'>cursus</span> <span class='ocrx_word' id='word_1_56' title='bbox 826 501 963 555; x_wconf 86' lang='lat' dir='ltr'>magis</span> <span class='ocrx_word' id='word_1_57' title='bbox 990 514 1117 554; x_wconf 80' lang='lat' dir='ltr'>quani</span> <span class='ocrx_word' id='word_1_58' title='bbox 1145 499 1310 540; x_wconf 87' lang='lat' dir='ltr'>itineris</span> <span class='ocrx_word' id='word_1_59' title='bbox 1334 499 1461 540; x_wconf 88' lang='lat' dir='ltr'>modo</span> 
     </span>
     <span class='ocr_line' id='line_1_14' title="bbox 105 558 1461 614; baseline -0.001 -13"><span class='ocrx_word' id='word_1_60' title='bbox 105 560 223 602; x_wconf 80' lang='lat' dir='ltr'>ducit</span> <span class='ocrx_word' id='word_1_61' title='bbox 271 574 323 600; x_wconf 88' lang='lat' dir='ltr'>ne</span> <span class='ocrx_word' id='word_1_62' title='bbox 373 562 583 601; x_wconf 90' lang='lat' dir='ltr'>nocturna</span> <span class='ocrx_word' id='word_1_63' title='bbox 627 558 795 614; x_wconf 89' lang='lat' dir='ltr'>quidem</span> <span class='ocrx_word' id='word_1_64' title='bbox 842 560 983 613; x_wconf 89' lang='lat' dir='ltr'>quiete</span> <span class='ocrx_word' id='word_1_65' title='bbox 1029 559 1227 600; x_wconf 90' lang='lat' dir='ltr'>diurnum</span> <span class='ocrx_word' id='word_1_66' title='bbox 1270 559 1461 600; x_wconf 86' lang='lat' dir='ltr'>laborem</span> 
     </span>
    </p>
   </div>
   <div class='ocr_carea' id='block_1_11' title="bbox 104 618 1509 673">
    <p class='ocr_par' dir='ltr' id='par_1_11' title="bbox 104 618 1509 673">
     <span class='ocr_line' id='line_1_15' title="bbox 104 618 1509 673; baseline -0.002 -13"><span class='ocrx_word' id='word_1_67' title='bbox 104 621 331 660; x_wconf 73' lang='lat' dir='ltr'>relaxante.</span> <span class='ocrx_word' id='word_1_68' title='bbox 406 618 556 672; x_wconf 87' lang='lat' dir='ltr'>Itaque</span> <span class='ocrx_word' id='word_1_69' title='bbox 600 631 630 659; x_wconf 90' lang='lat' dir='ltr'>D</span> <span class='ocrx_word' id='word_1_70' title='bbox 675 618 811 660; x_wconf 89' lang='lat' dir='ltr'>stadia</span> <span class='ocrx_word' id='word_1_71' title='bbox 856 618 1081 673; x_wconf 76' lang='lat' dir='ltr'>processit,</span> <span class='ocrx_word' id='word_1_72' title='bbox 1125 620 1463 673; x_wconf 81' lang='lat' dir='ltr'>perventumque</span> <span class='ocrx_word' id='word_1_73' title='bbox 1503 631 1509 656; x_wconf 70' lang='grc' dir='ltr'>ι</span> 
     </span>
    </p>
   </div>
   <div class='ocr_carea' id='block_1_12' title="bbox 103 677 1467 1861">
    <p class='ocr_par' dir='ltr' id='par_1_12' title="bbox 103 677 1465 1208">
     <span class='ocr_line' id='line_1_16' title="bbox 105 677 1461 733; baseline -0.001 -14"><span class='ocrx_word' id='word_1_74' title='bbox 105 682 195 720; x_wconf 85' lang='lat' dir='ltr'>erat</span> <span class='ocrx_word' id='word_1_75' title='bbox 228 679 271 719; x_wconf 93' lang='lat' dir='ltr'>in</span> <span class='ocrx_word' id='word_1_76' title='bbox 304 679 456 731; x_wconf 81' lang='lat' dir='ltr'>vicum,</span> <span class='ocrx_word' id='word_1_77' title='bbox 489 678 532 719; x_wconf 91' lang='lat' dir='ltr'>in</span> <span class='ocrx_word' id='word_1_78' title='bbox 566 692 650 732; x_wconf 91' lang='lat' dir='ltr'>quo</span> <span class='ocrx_word' id='word_1_79' title='bbox 683 677 869 719; x_wconf 81' lang='lat' dir='ltr'>Dareum</span> <span class='ocrx_word' id='word_1_80' title='bbox 901 677 1055 719; x_wconf 80' lang='lat' dir='ltr'>Bessus</span> <span class='ocrx_word' id='word_1_81' title='bbox 1089 677 1461 733; x_wconf 81' lang='lat' dir='ltr'>conprehenderat.</span> 
     </span>
     <span class='ocr_line' id='line_1_17' title="bbox 104 736 1464 794; baseline -0.001 -15"><span class='ocrx_word' id='word_1_82' title='bbox 104 736 169 779; x_wconf 90' lang='lat' dir='ltr'>Ibi</span> <span class='ocrx_word' id='word_1_83' title='bbox 203 737 365 791; x_wconf 77' lang='lat' dir='ltr'>Melon,</span> <span class='ocrx_word' id='word_1_84' title='bbox 410 738 537 779; x_wconf 90' lang='lat' dir='ltr'>Darei</span> <span class='ocrx_word' id='word_1_85' title='bbox 582 738 810 792; x_wconf 76' lang='lat' dir='ltr'>interpreS,</span> <span class='ocrx_word' id='word_1_86' title='bbox 855 737 1083 791; x_wconf 74' lang='lat' dir='ltr'>excipitur:</span> <span class='ocrx_word' id='word_1_87' title='bbox 1130 751 1306 792; x_wconf 87' lang='lat' dir='ltr'>corpore</span> <span class='ocrx_word' id='word_1_88' title='bbox 1339 751 1464 794; x_wconf 86' lang='lat' dir='ltr'>aeger</span> 
     </span>
     <span class='ocr_line' id='line_1_18' title="bbox 104 796 1462 852; baseline -0.001 -13"><span class='ocrx_word' id='word_1_89' title='bbox 104 811 190 839; x_wconf 86' lang='lat' dir='ltr'>non</span> <span class='ocrx_word' id='word_1_90' title='bbox 223 800 423 852; x_wconf 86' lang='lat' dir='ltr'>potuerat</span> <span class='ocrx_word' id='word_1_91' title='bbox 459 811 612 852; x_wconf 84' lang='lat' dir='ltr'>agmen</span> <span class='ocrx_word' id='word_1_92' title='bbox 645 796 819 851; x_wconf 85' lang='lat' dir='ltr'>adsequi</span> <span class='ocrx_word' id='word_1_93' title='bbox 854 800 896 837; x_wconf 89' lang='lat' dir='ltr'>et</span> <span class='ocrx_word' id='word_1_94' title='bbox 927 796 1214 851; x_wconf 87' lang='lat' dir='ltr'>deprehensus</span> <span class='ocrx_word' id='word_1_95' title='bbox 1248 796 1462 838; x_wconf 82' lang='lat' dir='ltr'>celeritate</span> 
     </span>
     <span class='ocr_line' id='line_1_19' title="bbox 103 855 1464 912; baseline -0.001 -14"><span class='ocrx_word' id='word_1_96' title='bbox 103 857 216 912; x_wconf 87' lang='lat' dir='ltr'>regis</span> <span class='ocrx_word' id='word_1_97' title='bbox 266 856 529 912; x_wconf 77' lang='lat' dir='ltr'>transfugam</span> <span class='ocrx_word' id='word_1_98' title='bbox 583 871 626 897; x_wconf 90' lang='lat' dir='ltr'>se</span> <span class='ocrx_word' id='word_1_99' title='bbox 677 871 767 898; x_wconf 92' lang='lat' dir='ltr'>esse</span> <span class='ocrx_word' id='word_1_100' title='bbox 812 856 1052 898; x_wconf 77' lang='lat' dir='ltr'>simulabat.</span> <span class='ocrx_word' id='word_1_101' title='bbox 1134 856 1200 897; x_wconf 82' lang='lat' dir='ltr'>Ex</span> <span class='ocrx_word' id='word_1_102' title='bbox 1243 855 1324 897; x_wconf 86' lang='lat' dir='ltr'>hoc</span> <span class='ocrx_word' id='word_1_103' title='bbox 1369 858 1464 897; x_wconf 87' lang='lat' dir='ltr'>acta</span> 
     </span>
     <span class='ocr_line' id='line_1_20' title="bbox 106 915 1462 972; baseline -0.001 -15"><span class='ocrx_word' id='word_1_104' title='bbox 106 917 335 972; x_wconf 74' lang='lat' dir='ltr'>cognoscit.</span> <span class='ocrx_word' id='word_1_105' title='bbox 394 915 476 957; x_wconf 82' lang='lat' dir='ltr'>Sed</span> <span class='ocrx_word' id='word_1_106' title='bbox 513 915 704 971; x_wconf 87' lang='lat' dir='ltr'>fatigatis</span> <span class='ocrx_word' id='word_1_107' title='bbox 742 916 979 957; x_wconf 89' lang='lat' dir='ltr'>necessaria</span> <span class='ocrx_word' id='word_1_108' title='bbox 1018 916 1137 969; x_wconf 86' lang='lat' dir='ltr'>quies</span> <span class='ocrx_word' id='word_1_109' title='bbox 1170 917 1277 957; x_wconf 86' lang='lat' dir='ltr'>erat:</span> <span class='ocrx_word' id='word_1_110' title='bbox 1319 916 1462 969; x_wconf 88' lang='lat' dir='ltr'>itaque</span> 
     </span>
     <span class='ocr_line' id='line_1_21' title="bbox 106 974 1464 1030; baseline -0.001 -12"><span class='ocrx_word' id='word_1_111' title='bbox 106 976 280 1018; x_wconf 88' lang='lat' dir='ltr'>delectis</span> <span class='ocrx_word' id='word_1_112' title='bbox 307 974 498 1029; x_wconf 88' lang='lat' dir='ltr'>equitum</span> <span class='ocrx_word' id='word_1_113' title='bbox 519 987 566 1016; x_wconf 88' lang='lat' dir='ltr'>VI</span> <span class='ocrx_word' id='word_1_114' title='bbox 586 975 760 1017; x_wconf 89' lang='lat' dir='ltr'>milibus</span> <span class='ocrx_word' id='word_1_115' title='bbox 783 986 880 1030; x_wconf 70' lang='lat' dir='ltr'>CCC,</span> <span class='ocrx_word' id='word_1_116' title='bbox 907 990 1012 1029; x_wconf 91' lang='lat' dir='ltr'>quos</span> <span class='ocrx_word' id='word_1_117' title='bbox 1040 974 1256 1016; x_wconf 87' lang='lat' dir='ltr'>dimachas</span> <span class='ocrx_word' id='word_1_118' title='bbox 1278 977 1464 1029; x_wconf 87' lang='lat' dir='ltr'>appella-</span> 
     </span>
     <span class='ocr_line' id='line_1_22' title="bbox 105 1034 1465 1090; baseline -0.001 -14"><span class='ocrx_word' id='word_1_119' title='bbox 105 1036 226 1088; x_wconf 79' lang='lat' dir='ltr'>bant,</span> <span class='ocrx_word' id='word_1_120' title='bbox 271 1034 478 1089; x_wconf 89' lang='lat' dir='ltr'>adiungit.</span> <span class='ocrx_word' id='word_1_121' title='bbox 553 1034 692 1075; x_wconf 91' lang='lat' dir='ltr'>Dorso</span> <span class='ocrx_word' id='word_1_122' title='bbox 737 1035 782 1075; x_wconf 89' lang='lat' dir='ltr'>hi</span> <span class='ocrx_word' id='word_1_123' title='bbox 826 1036 1025 1090; x_wconf 85' lang='lat' dir='ltr'>graviora</span> <span class='ocrx_word' id='word_1_124' title='bbox 1069 1049 1185 1076; x_wconf 89' lang='lat' dir='ltr'>arma</span> <span class='ocrx_word' id='word_1_125' title='bbox 1222 1034 1465 1088; x_wconf 77' lang='lat' dir='ltr'>portabant,</span> 
     </span>
     <span class='ocr_line' id='line_1_23' title="bbox 105 1094 1464 1148; baseline -0.001 -13"><span class='ocrx_word' id='word_1_126' title='bbox 105 1097 293 1136; x_wconf 87' lang='lat' dir='ltr'>ceterum</span> <span class='ocrx_word' id='word_1_127' title='bbox 327 1094 446 1148; x_wconf 91' lang='lat' dir='ltr'>equis</span> <span class='ocrx_word' id='word_1_128' title='bbox 480 1094 759 1135; x_wconf 86' lang='lat' dir='ltr'>vehebantur:</span> <span class='ocrx_word' id='word_1_129' title='bbox 795 1108 890 1135; x_wconf 90' lang='lat' dir='ltr'>cum</span> <span class='ocrx_word' id='word_1_130' title='bbox 924 1109 990 1135; x_wconf 89' lang='lat' dir='ltr'>res</span> <span class='ocrx_word' id='word_1_131' title='bbox 1022 1095 1226 1148; x_wconf 88' lang='lat' dir='ltr'>locusque</span> <span class='ocrx_word' id='word_1_132' title='bbox 1258 1096 1464 1148; x_wconf 81' lang='lat' dir='ltr'>posceret,</span> 
     </span>
     <span class='ocr_line' id='line_1_24' title="bbox 105 1154 616 1208; baseline -0.002 -13"><span class='ocrx_word' id='word_1_133' title='bbox 105 1154 312 1208; x_wconf 87' lang='lat' dir='ltr'>pedestris</span> <span class='ocrx_word' id='word_1_134' title='bbox 345 1154 453 1194; x_wconf 89' lang='lat' dir='ltr'>acies</span> <span class='ocrx_word' id='word_1_135' title='bbox 486 1156 616 1194; x_wconf 89' lang='lat' dir='ltr'>erant.</span> 
     </span>
    </p>

    <p class='ocr_par' dir='ltr' id='par_1_13' title="bbox 107 1212 1467 1861">
     <span class='ocr_line' id='line_1_25' title="bbox 195 1212 1467 1268; baseline -0.001 -14"><span class='ocrx_word' id='word_1_136' title='bbox 195 1212 312 1254; x_wconf 89' lang='lat' dir='ltr'>Haec</span> <span class='ocrx_word' id='word_1_137' title='bbox 331 1215 528 1268; x_wconf 87' lang='lat' dir='ltr'>agentem</span> <span class='ocrx_word' id='word_1_138' title='bbox 541 1212 832 1254; x_wconf 85' lang='lat' dir='ltr'>Alexandrum</span> <span class='ocrx_word' id='word_1_139' title='bbox 853 1212 1009 1254; x_wconf 88' lang='lat' dir='ltr'>adeunt</span> <span class='ocrx_word' id='word_1_140' title='bbox 1029 1212 1203 1254; x_wconf 82' lang='lat' dir='ltr'>Orsines</span> <span class='ocrx_word' id='word_1_141' title='bbox 1223 1215 1266 1254; x_wconf 88' lang='lat' dir='ltr'>et</span> <span class='ocrx_word' id='word_1_142' title='bbox 1290 1212 1467 1254; x_wconf 68' lang='lat' dir='ltr'>Mithra·-</span> 
     </span>
     <span class='ocr_line' id='line_1_26' title="bbox 107 1272 1466 1326; baseline -0.001 -12"><span class='ocrx_word' id='word_1_143' title='bbox 107 1287 249 1314; x_wconf 89' lang='lat' dir='ltr'>cenes:</span> <span class='ocrx_word' id='word_1_144' title='bbox 293 1272 415 1314; x_wconf 89' lang='lat' dir='ltr'>Bessi</span> <span class='ocrx_word' id='word_1_145' title='bbox 457 1272 735 1326; x_wconf 89' lang='lat' dir='ltr'>parricidium</span> <span class='ocrx_word' id='word_1_146' title='bbox 775 1273 893 1313; x_wconf 80' lang='lat' dir='ltr'>exosi</span> <span class='ocrx_word' id='word_1_147' title='bbox 941 1272 1263 1326; x_wconf 74' lang='lat' dir='ltr'>transfugerant</span> <span class='ocrx_word' id='word_1_148' title='bbox 1300 1272 1466 1313; x_wconf 88' lang='lat' dir='ltr'>nuntia-</span> 
     </span>
     <span class='ocr_line' id='line_1_27' title="bbox 107 1331 1467 1387; baseline -0.001 -13"><span class='ocrx_word' id='word_1_149' title='bbox 107 1332 293 1387; x_wconf 87' lang='lat' dir='ltr'>bantque</span> <span class='ocrx_word' id='word_1_150' title='bbox 345 1331 481 1373; x_wconf 90' lang='lat' dir='ltr'>stadia</span> <span class='ocrx_word' id='word_1_151' title='bbox 525 1344 555 1372; x_wconf 88' lang='lat' dir='ltr'>D</span> <span class='ocrx_word' id='word_1_152' title='bbox 607 1331 754 1372; x_wconf 89' lang='lat' dir='ltr'>abesse</span> <span class='ocrx_word' id='word_1_153' title='bbox 792 1331 961 1385; x_wconf 79' lang='lat' dir='ltr'>Persas,</span> <span class='ocrx_word' id='word_1_154' title='bbox 1003 1331 1119 1385; x_wconf 89' lang='lat' dir='ltr'>ipsos</span> <span class='ocrx_word' id='word_1_155' title='bbox 1163 1331 1334 1373; x_wconf 84' lang='lat' dir='ltr'>brevius</span> <span class='ocrx_word' id='word_1_156' title='bbox 1386 1331 1467 1373; x_wconf 87' lang='lat' dir='ltr'>iter</span> 
     </span>
     <span class='ocr_line' id='line_1_28' title="bbox 107 1389 1465 1446; baseline 0 -14"><span class='ocrx_word' id='word_1_157' title='bbox 107 1394 432 1433; x_wconf 87' lang='lat' dir='ltr'>monstraturos.</span> <span class='ocrx_word' id='word_1_158' title='bbox 481 1389 636 1432; x_wconf 81' lang='lat' dir='ltr'>Gratus</span> <span class='ocrx_word' id='word_1_159' title='bbox 668 1391 758 1446; x_wconf 84' lang='lat' dir='ltr'>regi</span> <span class='ocrx_word' id='word_1_160' title='bbox 780 1390 987 1432; x_wconf 76' lang='lat' dir='ltr'>adventus</span> <span class='ocrx_word' id='word_1_161' title='bbox 1020 1390 1338 1446; x_wconf 87' lang='lat' dir='ltr'>transfugarum</span> <span class='ocrx_word' id='word_1_162' title='bbox 1371 1390 1465 1432; x_wconf 75' lang='lat' dir='ltr'>fuit.</span> 
     </span>
     <span class='ocr_line' id='line_1_29' title="bbox 107 1450 1466 1506; baseline -0.001 -15"><span class='ocrx_word' id='word_1_163' title='bbox 107 1450 256 1505; x_wconf 88' lang='lat' dir='ltr'>Itaque</span> <span class='ocrx_word' id='word_1_164' title='bbox 307 1451 443 1504; x_wconf 88' lang='lat' dir='ltr'>prima</span> <span class='ocrx_word' id='word_1_165' title='bbox 488 1465 661 1504; x_wconf 84' lang='lat' dir='ltr'>vespera</span> <span class='ocrx_word' id='word_1_166' title='bbox 707 1450 885 1491; x_wconf 83' lang='lat' dir='ltr'>ducibus</span> <span class='ocrx_word' id='word_1_167' title='bbox 933 1450 1066 1491; x_wconf 86' lang='lat' dir='ltr'>isdem</span> <span class='ocrx_word' id='word_1_168' title='bbox 1119 1464 1214 1491; x_wconf 86' lang='lat' dir='ltr'>cum</span> <span class='ocrx_word' id='word_1_169' title='bbox 1267 1450 1466 1506; x_wconf 77' lang='lat' dir='ltr'>expedita</span> 
     </span>
     <span class='ocr_line' id='line_1_30' title="bbox 109 1509 1466 1565; baseline 0 -15"><span class='ocrx_word' id='word_1_170' title='bbox 109 1511 299 1564; x_wconf 87' lang='lat' dir='ltr'>equitum</span> <span class='ocrx_word' id='word_1_171' title='bbox 334 1524 463 1550; x_wconf 89' lang='lat' dir='ltr'>manu</span> <span class='ocrx_word' id='word_1_172' title='bbox 502 1512 781 1550; x_wconf 87' lang='lat' dir='ltr'>monstratam</span> <span class='ocrx_word' id='word_1_173' title='bbox 821 1510 932 1551; x_wconf 86' lang='lat' dir='ltr'>viam</span> <span class='ocrx_word' id='word_1_174' title='bbox 971 1509 1211 1564; x_wconf 87' lang='lat' dir='ltr'>ingreditur</span> <span class='ocrx_word' id='word_1_175' title='bbox 1242 1509 1466 1565; x_wconf 69' lang='lat' dir='ltr'>phalange,</span> 
     </span>
     <span class='ocr_line' id='line_1_31' title="bbox 109 1567 1465 1624; baseline -0.001 -14"><span class='ocrx_word' id='word_1_176' title='bbox 109 1572 315 1624; x_wconf 87' lang='lat' dir='ltr'>quantum</span> <span class='ocrx_word' id='word_1_177' title='bbox 354 1569 556 1609; x_wconf 88' lang='lat' dir='ltr'>festinare</span> <span class='ocrx_word' id='word_1_178' title='bbox 587 1572 750 1623; x_wconf 75' lang='lat' dir='ltr'>posset,</span> <span class='ocrx_word' id='word_1_179' title='bbox 789 1569 908 1622; x_wconf 85' lang='lat' dir='ltr'>sequi</span> <span class='ocrx_word' id='word_1_180' title='bbox 939 1569 1064 1610; x_wconf 88' lang='lat' dir='ltr'>iussa.</span> <span class='ocrx_word' id='word_1_181' title='bbox 1125 1567 1223 1624; x_wconf 88' lang='lat' dir='ltr'>Ipse</span> <span class='ocrx_word' id='word_1_182' title='bbox 1257 1568 1465 1623; x_wconf 87' lang='lat' dir='ltr'>quadrato</span> 
     </span>
     <span class='ocr_line' id='line_1_32' title="bbox 109 1628 1467 1684; baseline 0.001 -15"><span class='ocrx_word' id='word_1_183' title='bbox 109 1629 278 1684; x_wconf 88' lang='lat' dir='ltr'>agmine</span> <span class='ocrx_word' id='word_1_184' title='bbox 305 1628 502 1669; x_wconf 89' lang='lat' dir='ltr'>incedens</span> <span class='ocrx_word' id='word_1_185' title='bbox 529 1629 587 1669; x_wconf 89' lang='lat' dir='ltr'>ita</span> <span class='ocrx_word' id='word_1_186' title='bbox 614 1642 782 1669; x_wconf 86' lang='lat' dir='ltr'>cursum</span> <span class='ocrx_word' id='word_1_187' title='bbox 809 1628 994 1684; x_wconf 82' lang='lat' dir='ltr'>regebat,</span> <span class='ocrx_word' id='word_1_188' title='bbox 1027 1631 1075 1669; x_wconf 92' lang='lat' dir='ltr'>ut</span> <span class='ocrx_word' id='word_1_189' title='bbox 1100 1628 1230 1683; x_wconf 90' lang='lat' dir='ltr'>primi</span> <span class='ocrx_word' id='word_1_190' title='bbox 1263 1629 1467 1683; x_wconf 89' lang='lat' dir='ltr'>coniungi</span> 
     </span>
     <span class='ocr_line' id='line_1_33' title="bbox 108 1687 1467 1743; baseline 0 -15"><span class='ocrx_word' id='word_1_191' title='bbox 108 1688 273 1729; x_wconf 85' lang='lat' dir='ltr'>ultimis</span> <span class='ocrx_word' id='word_1_192' title='bbox 306 1691 489 1742; x_wconf 86' lang='lat' dir='ltr'>possent.</span> <span class='ocrx_word' id='word_1_193' title='bbox 543 1698 627 1728; x_wconf 85' lang='lat' dir='ltr'>CCC</span> <span class='ocrx_word' id='word_1_194' title='bbox 648 1687 782 1729; x_wconf 87' lang='lat' dir='ltr'>stadia</span> <span class='ocrx_word' id='word_1_195' title='bbox 814 1691 1122 1743; x_wconf 79' lang='lat' dir='ltr'>processerant,</span> <span class='ocrx_word' id='word_1_196' title='bbox 1154 1702 1250 1729; x_wconf 88' lang='lat' dir='ltr'>cum</span> <span class='ocrx_word' id='word_1_197' title='bbox 1283 1688 1467 1729; x_wconf 87' lang='lat' dir='ltr'>occurrit</span> 
     </span>
     <span class='ocr_line' id='line_1_34' title="bbox 108 1746 1467 1802; baseline 0 -14"><span class='ocrx_word' id='word_1_198' title='bbox 108 1747 420 1800; x_wconf 78' lang='lat' dir='ltr'>Brochubelus,</span> <span class='ocrx_word' id='word_1_199' title='bbox 459 1746 620 1788; x_wconf 82' lang='lat' dir='ltr'>Mazaei</span> <span class='ocrx_word' id='word_1_200' title='bbox 657 1747 791 1800; x_wconf 86' lang='lat' dir='ltr'>filius,</span> <span class='ocrx_word' id='word_1_201' title='bbox 830 1746 976 1800; x_wconf 62' lang='lat' dir='ltr'>Syriae</span> <span class='ocrx_word' id='word_1_202' title='bbox 1022 1747 1236 1801; x_wconf 88' lang='lat' dir='ltr'>quondam</span> <span class='ocrx_word' id='word_1_203' title='bbox 1277 1750 1467 1802; x_wconf 86' lang='lat' dir='ltr'>praetor:</span> 
     </span>
     <span class='ocr_line' id='line_1_35' title="bbox 110 1806 1466 1861; baseline -0.001 -14"><span class='ocrx_word' id='word_1_204' title='bbox 110 1807 145 1847; x_wconf 90' lang='lat' dir='ltr'>is</span> <span class='ocrx_word' id='word_1_205' title='bbox 188 1821 358 1861; x_wconf 88' lang='lat' dir='ltr'>quoque</span> <span class='ocrx_word' id='word_1_206' title='bbox 396 1806 619 1861; x_wconf 84' lang='lat' dir='ltr'>transfuga</span> <span class='ocrx_word' id='word_1_207' title='bbox 659 1807 886 1847; x_wconf 86' lang='lat' dir='ltr'>nuntiabat</span> <span class='ocrx_word' id='word_1_208' title='bbox 917 1806 1096 1847; x_wconf 86' lang='lat' dir='ltr'>Bessum</span> <span class='ocrx_word' id='word_1_209' title='bbox 1136 1806 1252 1847; x_wconf 86' lang='lat' dir='ltr'>haud</span> <span class='ocrx_word' id='word_1_210' title='bbox 1283 1807 1466 1860; x_wconf 86' lang='lat' dir='ltr'>amplius</span> 
     </span>
    </p>
   </div>
   <div class='ocr_carea' id='block_1_13' title="bbox 110 1968 1468 2346">
    <p class='ocr_par' dir='ltr' id='par_1_14' title="bbox 110 1968 1468 2346">
     <span class='ocr_line' id='line_1_36' title="bbox 208 1968 1467 2015; baseline 0.001 -13"><span class='ocrx_word' id='word_1_211' title='bbox 208 1973 224 2002; x_wconf 94' lang='lat'>1</span> <span class='ocrx_word' id='word_1_212' title='bbox 252 1968 390 2014; x_wconf 82' lang='lat' dir='ltr'>inquit]</span> <span class='ocrx_word' id='word_1_213' title='bbox 417 1969 547 2014; x_wconf 87' lang='lat' dir='ltr'>inquid</span> <span class='ocrx_word' id='word_1_214' title='bbox 573 1973 646 2004; x_wconf 87' lang='lat' dir='ltr'>LV.</span> <span class='ocrx_word' id='word_1_215' title='bbox 758 1974 777 2003; x_wconf 83' lang='grc'>2</span> <span class='ocrx_word' id='word_1_216' title='bbox 805 1969 921 2015; x_wconf 88' lang='lat' dir='ltr'>haud]</span> <span class='ocrx_word' id='word_1_217' title='bbox 949 1970 1040 2003; x_wconf 90' lang='lat' dir='ltr'>haut</span> <span class='ocrx_word' id='word_1_218' title='bbox 1065 1974 1100 2003; x_wconf 87' lang='lat' dir='ltr'>L.</span> <span class='ocrx_word' id='word_1_219' title='bbox 1212 1975 1232 2003; x_wconf 84' lang='grc'>4</span> <span class='ocrx_word' id='word_1_220' title='bbox 1259 1970 1467 2014; x_wconf 87' lang='lat' dir='ltr'>praemium</span> 
     </span>
     <span class='ocr_line' id='line_1_37' title="bbox 110 2017 1466 2063; baseline 0.001 -14"><span class='ocrx_word' id='word_1_221' title='bbox 110 2026 178 2050; x_wconf 86' lang='lat' dir='ltr'>om.</span> <span class='ocrx_word' id='word_1_222' title='bbox 198 2020 224 2049; x_wconf 89' lang='lat' dir='ltr'>P</span> <span class='ocrx_word' id='word_1_223' title='bbox 246 2027 288 2049; x_wconf 82' lang='lat' dir='ltr'>m.</span> <span class='ocrx_word' id='word_1_224' title='bbox 304 2027 363 2060; x_wconf 78' lang='lat' dir='ltr'>pr.</span> <span class='ocrx_word' id='word_1_225' title='bbox 486 2021 505 2051; x_wconf 87' lang='grc'><strong>6</strong></span> <span class='ocrx_word' id='word_1_226' title='bbox 532 2017 686 2063; x_wconf 84' lang='lat' dir='ltr'>raptim]</span> <span class='ocrx_word' id='word_1_227' title='bbox 713 2017 825 2051; x_wconf 87' lang='lat' dir='ltr'>ratim</span> <span class='ocrx_word' id='word_1_228' title='bbox 850 2021 875 2050; x_wconf 90' lang='lat' dir='ltr'>P</span> <span class='ocrx_word' id='word_1_229' title='bbox 895 2029 939 2052; x_wconf 82' lang='lat' dir='ltr'>m.</span> <span class='ocrx_word' id='word_1_230' title='bbox 956 2029 1016 2062; x_wconf 79' lang='lat' dir='ltr'>pr.</span> <span class='ocrx_word' id='word_1_231' title='bbox 1142 2022 1183 2051; x_wconf 84' lang='lat'>14</span> <span class='ocrx_word' id='word_1_232' title='bbox 1211 2017 1382 2063; x_wconf 82' lang='lat' dir='ltr'>delectis]</span> <span class='ocrx_word' id='word_1_233' title='bbox 1412 2017 1466 2050; x_wconf 89' lang='lat' dir='ltr'>di-</span> 
     </span>
     <span class='ocr_line' id='line_1_38' title="bbox 111 2062 1468 2099; baseline 0.001 -3"><span class='ocrx_word' id='word_1_234' title='bbox 111 2062 218 2098; x_wconf 88' lang='lat' dir='ltr'>lectis</span> <span class='ocrx_word' id='word_1_235' title='bbox 244 2067 280 2098; x_wconf 84' lang='lat' dir='ltr'>P.</span> <span class='ocrx_word' id='word_1_236' title='bbox 420 2064 610 2099; x_wconf 83' lang='lat' dir='ltr'>dimachas</span> <span class='ocrx_word' id='word_1_237' title='bbox 640 2065 863 2099; x_wconf 69' lang='lat' dir='ltr'>Glareamos:</span> <span class='ocrx_word' id='word_1_238' title='bbox 901 2065 1083 2099; x_wconf 87' lang='lat' dir='ltr'>dimichas</span> <span class='ocrx_word' id='word_1_239' title='bbox 1110 2067 1148 2098; x_wconf 80' lang='lat' dir='ltr'>A.</span> <span class='ocrx_word' id='word_1_240' title='bbox 1293 2069 1332 2098; x_wconf 77' lang='grc'>17</span> <span class='ocrx_word' id='word_1_241' title='bbox 1362 2068 1468 2099; x_wconf 81' lang='lat' dir='ltr'>erant</span> 
     </span>
     <span class='ocr_line' id='line_1_39' title="bbox 113 2111 1467 2156; baseline -0.001 -10"><span class='ocrx_word' id='word_1_242' title='bbox 113 2111 317 2146; x_wconf 74' lang='lat' dir='ltr'>Bentleius:</span> <span class='ocrx_word' id='word_1_243' title='bbox 346 2113 425 2145; x_wconf 87' lang='lat' dir='ltr'>erat</span> <span class='ocrx_word' id='word_1_244' title='bbox 451 2115 490 2145; x_wconf 83' lang='lat' dir='ltr'>A.</span> <span class='ocrx_word' id='word_1_245' title='bbox 600 2115 641 2146; x_wconf 87' lang='lat'>18</span> <span class='ocrx_word' id='word_1_246' title='bbox 670 2112 819 2146; x_wconf 86' lang='lat' dir='ltr'>Orsines</span> <span class='ocrx_word' id='word_1_247' title='bbox 845 2113 988 2156; x_wconf 76' lang='lat' dir='ltr'>scripsi:</span> <span class='ocrx_word' id='word_1_248' title='bbox 1017 2112 1146 2146; x_wconf 82' lang='lat' dir='ltr'>orsilos</span> <span class='ocrx_word' id='word_1_249' title='bbox 1174 2115 1213 2146; x_wconf 82' lang='lat' dir='ltr'>A.</span> <span class='ocrx_word' id='word_1_250' title='bbox 1311 2112 1467 2145; x_wconf 81' lang='lat' dir='ltr'>Mithra-</span> 
     </span>
     <span class='ocr_line' id='line_1_40' title="bbox 113 2159 1465 2205; baseline 0.001 -14"><span class='ocrx_word' id='word_1_251' title='bbox 113 2168 221 2192; x_wconf 85' lang='lat' dir='ltr'>cenes</span> <span class='ocrx_word' id='word_1_252' title='bbox 247 2161 281 2190; x_wconf 87' lang='lat'>1:</span> <span class='ocrx_word' id='word_1_253' title='bbox 315 2159 555 2193; x_wconf 77' lang='lat' dir='ltr'>mithracenis</span> <span class='ocrx_word' id='word_1_254' title='bbox 582 2163 620 2194; x_wconf 86' lang='lat' dir='ltr'>A.</span> <span class='ocrx_word' id='word_1_255' title='bbox 745 2163 787 2193; x_wconf 87' lang='grc'>21</span> <span class='ocrx_word' id='word_1_256' title='bbox 814 2159 1109 2205; x_wconf 78' lang='lat' dir='ltr'>transfugarum]</span> <span class='ocrx_word' id='word_1_257' title='bbox 1142 2159 1402 2204; x_wconf 85' lang='lat' dir='ltr'>tranfugarum</span> <span class='ocrx_word' id='word_1_258' title='bbox 1429 2162 1465 2192; x_wconf 88' lang='lat' dir='ltr'>B.</span> 
     </span>
     <span class='ocr_line' id='line_1_41' title="bbox 114 2206 1466 2252; baseline 0.001 -14"><span class='ocrx_word' id='word_1_259' title='bbox 114 2208 158 2239; x_wconf 83' lang='lat'>22</span> <span class='ocrx_word' id='word_1_260' title='bbox 187 2216 270 2238; x_wconf 87' lang='lat' dir='ltr'>cum</span> <span class='ocrx_word' id='word_1_261' title='bbox 289 2217 355 2240; x_wconf 80' lang='lat' dir='ltr'>om.</span> <span class='ocrx_word' id='word_1_262' title='bbox 376 2210 401 2239; x_wconf 90' lang='lat' dir='ltr'>P</span> <span class='ocrx_word' id='word_1_263' title='bbox 420 2218 465 2240; x_wconf 85' lang='lat' dir='ltr'>m.</span> <span class='ocrx_word' id='word_1_264' title='bbox 482 2218 541 2250; x_wconf 75' lang='lat' dir='ltr'>pr.</span> <span class='ocrx_word' id='word_1_265' title='bbox 623 2210 667 2240; x_wconf 79' lang='grc'>24</span> <span class='ocrx_word' id='word_1_266' title='bbox 687 2206 803 2252; x_wconf 86' lang='lat' dir='ltr'>iussa]</span> <span class='ocrx_word' id='word_1_267' title='bbox 824 2217 911 2240; x_wconf 87' lang='lat' dir='ltr'>ussa</span> <span class='ocrx_word' id='word_1_268' title='bbox 927 2211 987 2240; x_wconf 72' lang='grc' dir='ltr'>ΕΙ,</span> <span class='ocrx_word' id='word_1_269' title='bbox 1009 2219 1052 2241; x_wconf 83' lang='lat' dir='ltr'>m.</span> <span class='ocrx_word' id='word_1_270' title='bbox 1067 2219 1126 2251; x_wconf 76' lang='lat' dir='ltr'>pr.</span> <span class='ocrx_word' id='word_1_271' title='bbox 1208 2210 1251 2240; x_wconf 82' lang='grc'>25</span> <span class='ocrx_word' id='word_1_272' title='bbox 1274 2206 1466 2251; x_wconf 83' lang='lat' dir='ltr'>coniungi]</span> 
     </span>
     <span class='ocr_line' id='line_1_42' title="bbox 114 2252 1467 2300; baseline 0.001 -15"><span class='ocrx_word' id='word_1_273' title='bbox 114 2252 264 2296; x_wconf 86' lang='lat' dir='ltr'>coniugi</span> <span class='ocrx_word' id='word_1_274' title='bbox 283 2256 308 2285; x_wconf 90' lang='lat' dir='ltr'>P</span> <span class='ocrx_word' id='word_1_275' title='bbox 328 2265 372 2287; x_wconf 79' lang='lat' dir='ltr'>m.</span> <span class='ocrx_word' id='word_1_276' title='bbox 388 2265 448 2297; x_wconf 79' lang='lat' dir='ltr'>pr.</span> <span class='ocrx_word' id='word_1_277' title='bbox 524 2257 565 2287; x_wconf 75' lang='grc'>27</span> <span class='ocrx_word' id='word_1_278' title='bbox 598 2254 864 2300; x_wconf 82' lang='lat' dir='ltr'>Brochubelus]</span> <span class='ocrx_word' id='word_1_279' title='bbox 891 2254 1139 2288; x_wconf 79' lang='lat' dir='ltr'>brachubelus</span> <span class='ocrx_word' id='word_1_280' title='bbox 1153 2257 1237 2289; x_wconf 82' lang='lat' dir='ltr'>Bm.</span> <span class='ocrx_word' id='word_1_281' title='bbox 1255 2266 1313 2298; x_wconf 77' lang='lat' dir='ltr'>pr.</span> <span class='ocrx_word' id='word_1_282' title='bbox 1388 2254 1467 2287; x_wconf 86' lang='lat' dir='ltr'>Ma-</span> 
     </span>
     <span class='ocr_line' id='line_1_43' title="bbox 116 2299 1467 2346; baseline 0.002 -14"><span class='ocrx_word' id='word_1_283' title='bbox 116 2300 194 2333; x_wconf 88' lang='lat' dir='ltr'>zaei</span> <span class='ocrx_word' id='word_1_284' title='bbox 222 2299 356 2334; x_wconf 68' lang='lat' dir='ltr'>Aldus:</span> <span class='ocrx_word' id='word_1_285' title='bbox 390 2300 508 2334; x_wconf 84' lang='lat' dir='ltr'>mazei</span> <span class='ocrx_word' id='word_1_286' title='bbox 534 2304 572 2334; x_wconf 81' lang='lat' dir='ltr'>A.</span> <span class='ocrx_word' id='word_1_287' title='bbox 703 2300 846 2346; x_wconf 81' lang='lat' dir='ltr'>Syriae]</span> <span class='ocrx_word' id='word_1_288' title='bbox 881 2301 989 2335; x_wconf 83' lang='lat' dir='ltr'>siriae</span> <span class='ocrx_word' id='word_1_289' title='bbox 1018 2305 1048 2334; x_wconf 85' lang='lat' dir='ltr'>C.</span> <span class='ocrx_word' id='word_1_290' title='bbox 1179 2305 1223 2335; x_wconf 83' lang='grc'>28</span> <span class='ocrx_word' id='word_1_291' title='bbox 1251 2301 1467 2346; x_wconf 85' lang='lat' dir='ltr'>nuntiabat]</span> 
     </span>
    </p>
   </div>
   <div class='ocr_carea' id='block_1_14' title="bbox 114 2346 1253 2442">
    <p class='ocr_par' dir='ltr' id='par_1_15' title="bbox 114 2346 1253 2442">
     <span class='ocr_line' id='line_1_44' title="bbox 114 2346 1008 2395; baseline 0.002 -15"><span class='ocrx_word' id='word_1_292' title='bbox 114 2346 290 2380; x_wconf 78' lang='lat' dir='ltr'>nuntibat</span> <span class='ocrx_word' id='word_1_293' title='bbox 316 2351 353 2390; x_wconf 76' lang='lat' dir='ltr'>F,</span> <span class='ocrx_word' id='word_1_294' title='bbox 380 2348 582 2382; x_wconf 84' lang='lat' dir='ltr'>nunciabat</span> <span class='ocrx_word' id='word_1_295' title='bbox 601 2352 639 2382; x_wconf 84' lang='lat' dir='ltr'>V.</span> <span class='ocrx_word' id='word_1_296' title='bbox 738 2349 855 2395; x_wconf 88' lang='lat' dir='ltr'>haud]</span> <span class='ocrx_word' id='word_1_297' title='bbox 882 2352 945 2383; x_wconf 76' lang='lat' dir='ltr'>aut</span> <span class='ocrx_word' id='word_1_298' title='bbox 974 2353 1008 2382; x_wconf 85' lang='lat' dir='ltr'>P.</span> 
     </span>
     <span class='ocr_line' id='line_1_45' title="bbox 189 2401 1253 2442; baseline 0.003 -5"><span class='ocrx_word' id='word_1_299' title='bbox 189 2412 326 2438; x_wconf 65' lang='lat' dir='ltr'>Cmvrrcs</span> <span class='ocrx_word' id='word_1_300' title='bbox 347 2413 454 2439; x_wconf 74' lang='lat' dir='ltr'>mes</span> <span class='ocrx_word' id='word_1_301' title='bbox 475 2413 518 2437; x_wconf 83' lang='lat' dir='ltr'>ed.</span> <span class='ocrx_word' id='word_1_302' title='bbox 540 2413 718 2438; x_wconf 80' lang='lat' dir='ltr'>Hedicke.</span> <span class='ocrx_word' id='word_1_303' title='bbox 758 2401 812 2439; x_wconf 14' lang='lat' dir='ltr'>Eid.</span> <span class='ocrx_word' id='word_1_304' title='bbox 835 2414 938 2438; x_wconf 83' lang='lat' dir='ltr'>maior.</span> <span class='ocrx_word' id='word_1_305' title='bbox 1211 2410 1253 2442; x_wconf 86' lang='lat'>10</span> 
     </span>
    </p>
   </div>
   <div class='ocr_carea' id='block_1_15' title="bbox 1493 1225 1511 1254">
    <p class='ocr_par' dir='ltr' id='par_1_16' title="bbox 1493 1225 1511 1254">
     <span class='ocr_line' id='line_1_46' title="bbox 1493 1225 1511 1254; baseline 0 0"><span class='ocrx_word' id='word_1_306' title='bbox 1493 1225 1511 1254; x_wconf 88' lang='grc'>9</span> 
     </span>
    </p>
   </div>
   <div class='ocr_carea' id='block_1_16' title="bbox 1494 1402 1537 1432">
    <p class='ocr_par' dir='ltr' id='par_1_17' title="bbox 1494 1402 1537 1432">
     <span class='ocr_line' id='line_1_47' title="bbox 1494 1402 1537 1432; baseline 0 0"><span class='ocrx_word' id='word_1_307' title='bbox 1494 1402 1537 1432; x_wconf 82' lang='grc'>10</span> 
     </span>
    </p>
   </div>
   <div class='ocr_carea' id='block_1_17' title="bbox 1495 1700 1536 1729">
    <p class='ocr_par' dir='ltr' id='par_1_18' title="bbox 1495 1700 1536 1729">
     <span class='ocr_line' id='line_1_48' title="bbox 1495 1700 1536 1729; baseline 0.024 -1"><span class='ocrx_word' id='word_1_308' title='bbox 1495 1700 1536 1729; x_wconf 90' lang='grc'>11</span> 
     </span>
    </p>
   </div>
  </div>
 </body>
</html>
