1610 2522
51 751 82 776 10

52 1049 83 1073 15

34 1154 79 1188 37

52 1344 85 1369 20

52 1640 85 1666 25

353 89 687 125 HISTORIARUM
714 90 998 124 ALEXANDRI
1026 91 1119 133 VIII,
1149 95 1202 125 10.
1372 92 1456 133 289

102 202 251 254 perent
277 199 547 253 redimitique
573 199 723 240 fronde
749 201 842 240 toto
870 214 1041 241 nemore
1065 200 1224 241 similes
1252 200 1456 241 bacchan-

102 258 219 299 tibus
253 262 518 314 vagarentur.
570 258 760 300 Vocibus
793 273 894 314 ergo
928 262 993 299 tot
1026 259 1191 300 milium
1218 260 1453 314 praesidem
1484 272 1525 302 16

102 318 288 359 nemoris
327 320 416 359 eius
455 318 580 360 deum
614 318 882 359 adorantium
915 319 1015 373 iuga
1048 320 1204 360 montis
1238 321 1453 373 vallesque

103 377 372 430 resonabant,
404 392 500 419 cum
534 380 627 419 orta
659 377 831 418 licentia
863 392 886 418 a
918 378 1076 432 paucis,
1118 381 1165 419 ut
1197 379 1284 420 fere
1318 379 1378 432 fit,
1412 380 1454 420 in

104 452 248 478 omnes
290 451 333 478 se
376 440 547 490 repente
588 438 816 492 vulgasset.
880 436 1046 492 Quippe
1088 439 1205 479 velut
1243 438 1287 478 in
1319 438 1456 480 media
1485 450 1524 480 17

103 496 204 550 pace
236 511 311 550 per
343 496 496 537 herbas
526 496 829 552 adgestamque
855 496 1049 538 frondem
1075 500 1342 551 prostravere
1368 512 1454 538 cor-

102 570 216 610 pora.
280 555 337 596 Et
370 570 444 596 rex
475 556 696 597 fortuitam
730 557 939 597 laetitiam
971 571 1058 598 non
1089 559 1307 597 aversatus
1338 558 1455 611 large

103 615 155 656 ad
196 616 342 669 epulas
382 615 580 656 omnibus
618 615 824 669 praebitis
862 630 937 669 per
968 627 998 656 X
1031 616 1119 657 dies
1150 616 1305 658 Libero
1338 616 1457 657 Patri

104 678 325 729 operatum
360 674 511 716 habuit
542 676 786 716 exercitum.
840 674 943 724 Quis
970 678 1097 730 neget
1129 676 1326 717 eximiam
1354 691 1456 730 quo-
1487 688 1526 718 18

103 748 184 787 que
216 733 394 789 gloriam
431 735 597 788 saepius
630 734 825 775 fortunae
858 750 985 788 quam
1018 735 1191 776 virtutis
1218 750 1308 776 esse
1334 736 1456 777 bene-

103 793 277 834 ficium?
329 792 494 848 Quippe
525 808 578 834 ne
611 793 831 847 epulantes
865 794 1035 847 quidem
1071 798 1112 835 et
1144 795 1307 849 sopitos
1340 809 1455 836 mero

103 853 277 908 adgredi
309 868 436 893 ausus
469 856 532 894 est
563 852 700 894 hostis
732 853 845 894 haud
881 868 1002 895 secus
1034 854 1333 896 bacchantium
1365 855 1456 896 ulu-

102 912 368 966 lantiumque
406 913 579 954 fremitu
615 914 884 966 perterritus,
927 928 1055 967 quam
1087 914 1122 955 si
1154 915 1456 968 proeliantium

104 971 264 1013 clamor
302 974 413 1012 esset
450 972 632 1012 auditus.
693 972 853 1013 Eadem
895 973 1077 1014 felicitas
1110 973 1161 1013 ab
1195 972 1362 1015 Oceano
1396 988 1457 1014 re-

104 1034 316 1072 vertentes
349 1031 606 1072 temulentos
640 1032 1002 1086 comissantesque
1029 1033 1140 1073 inter
1166 1047 1239 1074 ora
1266 1033 1456 1074 hostium

103 1091 221 1131 texit.

196 1149 304 1190 Hinc
331 1149 383 1190 ad
406 1150 635 1205 regionem,
656 1164 764 1204 quae
784 1150 972 1191 Daedala
992 1155 1179 1205 vocatur,
1205 1155 1457 1206 perventum
1487 1165 1527 1194 19

104 1212 179 1250 est.
242 1208 526 1250 Deseruerant
564 1210 727 1250 incolae
767 1210 884 1251 sedes
924 1213 966 1251 et
998 1211 1042 1251 in
1075 1212 1191 1253 avios
1225 1212 1457 1253 silvestres-

105 1282 184 1323 que
216 1271 383 1309 montes
422 1268 712 1323 confugerant.
776 1270 892 1326 Ergo
925 1270 1108 1311 Acadira
1140 1271 1294 1312 transit
1326 1286 1457 1325 aeque

104 1330 226 1369 vasta
258 1331 301 1368 et
337 1327 543 1369 destituta
575 1328 853 1370 incolentium
886 1329 998 1385 fuga.
1062 1329 1209 1384 ltaque
1246 1331 1456 1371 rationem
1484 1343 1528 1374 20

103 1387 205 1428 belli
236 1388 465 1428 necessitas
500 1389 691 1429 mutavit.
755 1388 914 1429 Divisis
951 1391 1062 1430 enim
1094 1390 1230 1444 copiis
1262 1390 1457 1443 pluribus

105 1446 232 1487 simul
262 1446 367 1488 locis
400 1461 516 1487 arma
549 1447 746 1500 ostendit,
779 1448 1067 1502 oppressique,
1100 1449 1174 1490 ubi
1198 1464 1281 1491 non
1312 1463 1458 1503 expec-

104 1509 298 1546 taverant
329 1506 514 1560 hostem,
560 1507 676 1547 omni
718 1507 835 1548 clade
873 1508 1103 1561 perdomiti
1141 1511 1251 1550 sunt.
1314 1508 1458 1550 Ptolo·
1485 1522 1526 1551 21

105 1579 249 1606 maeus
281 1565 487 1619 plurimas
519 1566 662 1619 urbes,
695 1565 937 1608 Alexander
968 1568 1174 1608 maximas
1208 1568 1337 1623 cepit:
1371 1584 1457 1610 rur-

106 1638 278 1678 susque,
328 1639 432 1678 quas
484 1625 774 1679 distribuerat,
826 1627 968 1680 copias
1017 1627 1167 1668 iunxit.
1250 1627 1458 1682 Superato
1485 1641 1527 1670 22

105 1683 253 1724 deinde
288 1682 482 1738 Choaspe
514 1699 637 1725 amne
667 1684 840 1726 Coenon
872 1686 916 1726 in
949 1686 1171 1728 obsidione
1202 1687 1321 1728 urbis
1356 1703 1456 1742 opu—

203 1876 217 1904 1
249 1871 388 1906 similes
415 1876 447 1906 1:
476 1872 606 1906 similis
627 1877 666 1907 A.
747 1873 1031 1920 bacchantibus]
1060 1874 1305 1910 baccantibus
1331 1880 1367 1918 P,
1395 1875 1457 1909 ba-

107 1919 278 1953 cantibus
298 1923 334 1953 F.
404 1923 423 1952 3
447 1919 634 1964 vallesque
653 1922 799 1965 scripsi:
822 1921 1008 1964 collesque
1029 1926 1068 1957 A.
1137 1927 1158 1957 4
1179 1924 1274 1969 orta]
1296 1923 1404 1957 horta
1417 1927 1456 1957 V.

107 1971 126 2001 5
154 1977 279 2000 omnes
307 1978 344 2002 se
370 1969 522 2011 repente
546 1967 578 2002 G
599 1973 704 2003 unta:
732 1969 900 2003 homines
927 1972 1098 2013 serpente
1119 1973 1147 2003 A
1174 1970 1358 2016 [homines
1385 1982 1458 2005 ser—

106 2016 236 2058 pentes
259 2014 313 2060 F].
388 2019 407 2048 6
436 2014 584 2061 herbas]
612 2015 718 2050 erbas
740 2020 774 2049 L.
854 2020 896 2050 10
922 2017 1158 2063 beneficium]
1186 2018 1400 2052 benefitium
1420 2022 1456 2052 F.

109 2065 150 2095 12
171 2061 452 2107 bacchantium]
476 2063 710 2097 baccantium
731 2067 766 2105 P,
791 2063 1033 2098 bac-bantium
1053 2069 1089 2098 F.
1157 2065 1458 2110 ululantiumque

110 2110 276 2143 Modms:
304 2109 630 2154 hululantiumque
650 2115 686 2149 P,
707 2111 1035 2155 huiulantiumque
1056 2117 1088 2145 C.
1160 2117 1201 2148 13
1223 2114 1457 2159 perterritus]

108 2156 322 2199 perterritos
355 2161 389 2190 P.
540 2162 581 2191 15
618 2158 933 2202 comissantesque
967 2160 1177 2203 Zumptins:
1218 2161 1457 2194 comisantes-

109 2214 179 2246 que
200 2206 237 2236 A.
312 2204 409 2238 inter
430 2205 508 2250 ora]
530 2204 708 2239 interiora
727 2210 763 2247 P,
784 2206 881 2239 inter
901 2207 991 2240 liora
1011 2211 1037 2240 F
1056 2219 1171 2252 mpr.
1272 2211 1313 2242 19
1342 2219 1458 2252 aeque

109 2250 331 2285 Frobenius:
354 2253 466 2295 atque
480 2256 519 2285 A.
596 2256 638 2285 20
653 2254 760 2288 vasta
775 2254 986 2288 Acidaliae&
1009 2257 1093 2288 usta
1108 2258 1146 2288 A.
1220 2259 1262 2288 22
1279 2255 1342 2289 ubi
1358 2257 1457 2290 Bon-

107 2298 268 2342 9arsius:
295 2298 378 2332 urbi
402 2302 440 2332 A.
517 2303 560 2334 23
588 2299 823 2334 Ptolomaeus
849 2302 994 2345 scripsi:
1022 2302 1230 2345 ptolomeus
1252 2307 1283 2344 C,
1311 2303 1459 2346 ptholo-

109 2355 211 2378 meus
226 2349 260 2378 P.
330 2349 374 2379 ‘24
396 2346 510 2392 cepit]
531 2348 654 2391 eoepit
668 2351 704 2380 F.
780 2351 822 2381 26
845 2348 1011 2392 Choaspe
1026 2350 1248 2385 Frobenius:
1271 2361 1404 2393 coaspe
1419 2354 1457 2383 A.

181 2410 318 2436 Cmi‘rms
340 2412 445 2436 Rt'rtfs
467 2412 510 2436 ed.
532 2413 704 2437 Hedicke
753 2414 808 2439 Ed.
829 2415 933 2439 maior.
1204 2413 1244 2442 19
