1610 2522
137 106 220 149 180
637 110 677 148 Q.
707 107 850 142 CURTI
879 107 989 142 RUFI

67 227 105 257 12
133 219 255 257 reret.
308 215 617 258 Nicomachum
651 216 856 271 religione
890 231 1060 271 quoque
1088 217 1209 258 deun}
1240 217 1489 258 adstrictum

134 275 435 317 conscientiam
465 291 581 317 suam
612 290 839 317 exonerare
863 290 1127 330 properasse:
1156 276 1371 317 Philotam
1394 289 1490 316 con-

134 337 307 389 sumpto
342 349 414 389 per
445 336 590 376 luduin
628 336 851 389 iocumque
883 350 1016 389 paene
1050 338 1141 376 toto
1172 335 1238 376 die
1265 338 1489 390 gravatum

135 409 224 435 esse
258 408 392 448 pauca
427 395 549 436 verba
583 395 837 449 pertinentia
873 394 924 434 ad
951 398 1077 448 caput
1105 395 1217 450 regis
1244 398 1330 435 tam
1359 394 1490 450 longo

70 463 108 494 13
135 456 177 495 et
222 453 401 495 forsitan
456 468 718 509 supervacuo
776 455 959 495 inserere
1010 455 1204 496 sermoni.
1287 453 1345 496 At
1395 468 1489 494 eum
1530 475 1545 497 ε,

135 527 222 555 11011
267 513 493 554 credidisse
538 513 639 554 talia
686 512 973 554 deferentibus
1020 514 1178 567 pueris!
1239 514 1323 554 (3111·
1361 513 1493 569 igitur

136 573 389 614 extraxisset
435 573 630 628 biduum,
675 575 893 627 tamquam
935 572 1090 614 indicio
1130 573 1302 614 haberet
1336 572 1492 614 fidem?

136 631 450 673 Dimittendum
502 633 633 673 fuisse
685 631 953 685 Cebalinum,
1004 633 1039 674 si
1090 632 1345 674 delationem
1403 631 1492 673 eius

68 701 109 731 14
137 691 376 732 damnabat.
432 689 481 733 In
514 706 590 733 suo
619 706 830 745 quemque
856 691 1046 746 periculo
1074 706 1276 747 magnum
1304 693 1492 733 animum

138 751 308 791 habere:
355 766 449 791 cum
491 751 540 792 de
579 752 715 792 salute
749 751 860 806 regis
893 751 1133 805 timeretur,
1179 751 1371 792 credulos
1404 765 1494 791 esse

70 821 109 850 15
138 810 303 859 debere,
336 825 443 851 vana
476 825 646 865 quoque
680 810 909 851 deferentis
943 810 1177 852 admittere.
1230 809 1387 851 Omnes
1417 811 1494 866 igi-

136 873 207 911 tur
246 870 537 923 quaestionem
571 870 622 910 de
655 885 721 923 eo,
764 873 811 911 ut
843 870 1073 924 participes
1108 870 1275 911 sceleris
1308 869 1495 911 indicare

138 932 374 984 cogeretur,
413 929 649 971 habendam
687 944 778 971 esse
812 929 1054 971 decernunt.
1118 929 1209 971 Rex
1242 930 1497 982 admonitos,

138 989 198 1029 uti
235 988 458 1030 consilium
494 989 664 1030 silentio
696 991 946 1043 premerent,
980 988 1169 1030 dimittit.
1221 989 1495 1030 Pronuntiari

139 1048 288 1089 deind(¹
323 1048 403 1089 iter
436 1048 476 1088 in
510 1051 729 1102 posterum
759 1048 888 1101 iubet,
918 1063 972 1089 nc
1000 1064 1083 1103 qua
1110 1049 1249 1091 noxiis
1277 1048 1371 1089 initi
1400 1063 1494 1089 con-

71 1117 111 1147 16
140 1108 225 1148 silii
258 1108 430 1148 daretur
462 1111 574 1149 nota.
637 1107 847 1149 Invitatus
881 1110 945 1149 est
976 1109 1105 1149 etiam
1134 1107 1325 1149 Philotas
1358 1107 1408 1149 ad
1436 1107 1495 1148 ul-

139 1167 266 1208 timas
300 1167 382 1221 ipsi
415 1167 572 1221 epulas,
615 1171 655 1208 et
688 1182 760 1208 rex
793 1183 880 1209 non
913 1182 1060 1208 cenare
1094 1167 1231 1220 modo,
1265 1167 1337 1208 sed
1370 1168 1494 1208 etiam

140 1226 409 1268 familiariter
442 1226 643 1281 conloqui
678 1241 773 1268 cum
806 1241 867 1281 eo,
901 1242 1024 1280 quem
1057 1227 1340 1279 damnaverat,
1373 1227 1497 1268 susti-

72 1295 112 1326 17
142 1286 246 1327 nuit.
311 1285 502 1328 Secunda
537 1285 686 1327 deinde
722 1286 868 1342 vigilia
900 1286 1135 1327 luminibus
1170 1286 1368 1328 extinctis
1402 1300 1498 1327 cum

140 1345 287 1399 paucis
334 1346 375 1387 in
422 1345 581 1401 regiam
628 1349 783 1388 coeunt
816 1345 1108 1400 Hephaestion
1149 1349 1189 1386 et
1224 1345 1421 1387 Craterus
1458 1348 1498 1386 et

143 1404 310 1447 Coenus
344 1408 385 1446 et
416 1405 632 1460 Erigyius,
664 1405 709 1446 hi
743 1420 793 1446 ex
827 1406 988 1458 amieis,
1021 1421 1072 1446 ex
1105 1405 1327 1460 armigeris
1357 1408 1500 1446 autem

143 1464 362 1506 Perdiccas
402 1468 443 1505 et
476 1465 732 1506 Leonnatus.
795 1464 876 1506 Per
916 1465 993 1506 hos
1028 1466 1301 1518 imperatum,
1347 1467 1393 1505 ut
1427 1464 1499 1518 qui

74 1532 114 1563 18
142 1525 198 1564 ad
229 1525 488 1578 praetorium
524 1524 803 1578 excubabant,
840 1525 991 1565 armati
1025 1524 1260 1580 vigilarent.
1325 1522 1415 1564 Iam
1449 1523 1500 1564 ad

145 1598 290 1624 omnes
330 1584 470 1624 aditus
507 1583 705 1637 dispositi
745 1587 865 1625 erant
908 1584 1089 1638 equites,
1137 1584 1289 1624 itinera
1331 1597 1500 1637 quoque

145 1642 338 1684 obsidere
361 1644 476 1695 iussi,
502 1658 555 1684 ne
577 1643 672 1697 quis
694 1643 744 1684 ad
766 1642 1102 1696 Parmenionem,
1130 1642 1202 1698 qui
1223 1646 1313 1684 tuni
1335 1642 1500 1683 Mediae
1522 1660 1536 1683 -2

78 1710 116 1742 19
144 1702 396 1757 magnisque
423 1703 558 1756 copiis
579 1705 784 1756 praeerat,
809 1703 1000 1744 occultus
1021 1702 1227 1744 evaderet.
1278 1701 1501 1743 Atarrhias

145 1764 286 1803 autem
321 1776 415 1803 cum
446 1773 527 1803 CCC
563 1762 735 1803 armatis
763 1763 996 1803 intraverat
1023 1763 1199 1817 regiam:
1233 1761 1332 1802 huic
1360 1761 1501 1802 decem

245 1894 260 1923 1
288 1889 574 1936 Nicomachum]
601 1890 886 1925 nichomachum
914 1895 946 1924 c.
1058 1894 1077 1924 2
1106 1890 1318 1935 exonerare]
1345 1889 1502 1924 exhone-

149 1949 227 1972 rare
253 1941 287 1971 P.
435 1937 639 1983 Philotam]
667 1937 861 1982 phylotam
887 1941 995 1971 BEV.
1132 1941 1150 1971 3
1178 1939 1257 1972 toto
1285 1941 1323 1970 C:
1360 1938 1439 1971 tota
1467 1940 1501 1970 P.

149 1991 168 2018 4
197 1986 324 2031 caput]
353 1985 474 2039 capud
495 1989 530 2019 L.
606 1986 732 2030 longo]
760 1985 896 2030 longuo
920 1989 956 2019 F.
1045 1990 1064 2019 5
1093 1996 1176 2019 eum
1202 1997 1274 2019 non
1302 1984 1503 2018 credidisse

146 2034 292 2077 scripsi:
327 2033 423 2066 enim
446 2033 475 2066 si
498 2044 570 2067 non
592 2033 811 2067 credidisset
832 2036 870 2075 C
898 2033 996 2068 enim
1024 2044 1096 2067 non
1118 2033 1318 2067 credidisse
1339 2036 1363 2065 P
1386 2044 1427 2065 m.
1444 2043 1502 2076 pr.

148 2085 166 2114 7
196 2080 430 2125 extraxisset]
459 2081 685 2114 extraxissed
706 2085 731 2113 P
754 2093 795 2114 m.
812 2093 870 2126 pr.
949 2085 989 2113 11
1016 2080 1127 2126 vana]
1155 2092 1229 2114 una
1254 2083 1290 2113 B.
1370 2083 1410 2113 13
1438 2079 1504 2112 ad—

147 2128 325 2169 monitos
361 2128 432 2173 uti]
467 2128 657 2162 admonito
694 2128 790 2162 sicut
815 2132 840 2162 P
866 2139 910 2162 m.
933 2139 991 2172 pr.
1123 2132 1164 2161 15
1199 2127 1316 2162 noxiis
1344 2127 1502 2171 lea-pens:

148 2176 235 2210 noui
262 2179 301 2208 A.
427 2180 467 2209 16
495 2174 679 2221 Philotas]
713 2174 887 2219 phylotas
921 2178 1190 2209 BFL.1⁴.·
1225 2174 1413 2220 extinctis]
1444 2185 1500 2208 ex—

149 2223 281 2257 cinctis
317 2226 341 2255 P
371 2235 414 2256 m.
447 2235 499 2265 μν.
657 2227 700 2257 20
737 2223 991 2267 Hephaestion
1030 2223 1182 2267 Cospus:
1233 2222 1427 2266 ephestion
1464 2224 1502 2254 A.

151 2274 192 2304 21
222 2270 394 2315 Erigyius
425 2271 643 2306 1⁴'robem'usz
671 2270 820 2315 erignns
846 2273 885 2304 A.
969 2270 1024 2316 hi]
1051 2270 1105 2304 hii
1131 2273 1165 2303 P.
1249 2273 1291 2303 23
1319 2269 1374 2304 ad
1398 2280 1503 2313 prae-

150 2318 287 2351 torium
314 2321 347 2351 1:
376 2318 602 2362 praetorium
624 2321 661 2351 A.
754 2321 797 2352 24
825 2317 976 2363 itinera]
1003 2317 1136 2352 itinere
1162 2321 1197 2351 P.
1285 2320 1328 2350 25
1356 2316 1504 2350 Parme-

152 2365 316 2411 nionem]
344 2366 647 2409 parmoenionem
673 2369 708 2399 P.
832 2369 875 2399 26
903 2364 1095 2399 Atarrhias
1121 2366 1269 2409 scripsi:
1297 2367 1437 2398 atarras
1465 2367 1503 2396 A.

1518 772 1548 795 10

1518 994 1563 1028 31

1520 1066 1549 1091 15

1520 1363 1553 1387 2u
