1610 2522
371 116 704 151 HISTORIARUM
732 116 1015 150 ALEXANDRI
1043 116 1102 157 VI,
1131 121 1161 150 6.
1364 118 1443 158 171

91 223 356 266 Artaxerxen
388 225 596 281 appellari
629 240 672 267 se
704 226 882 267 iusserat
909 225 1176 279 Scythasque
1210 229 1252 266 et
1284 229 1446 267 ceteros

91 284 246 325 Tanais
279 284 441 326 accolas
475 284 763 326 contrahebat.
803 284 919 327 Haec
953 284 1247 326 Satibarzanes
1280 286 1446 326 nuntia-

91 343 181 384 bat:
216 358 340 397 quem
373 348 589 398 receptum
618 345 662 385 in
694 344 819 385 fidem
854 344 1031 399 regioni,
1065 359 1191 398 quam
1220 348 1343 385 antea
1377 345 1445 385 ob-

92 403 289 457 tinuerat,
321 404 537 458 praefecit.
588 404 645 445 Et.
678 419 774 446 cum
807 419 935 459 grave
968 405 1117 458 spoliis
1150 407 1446 459 apparatuque
1477 415 1519 445 14

55 480 70 504 5
90 462 283 503 luxuriae
322 477 475 518 agmen
513 464 583 504 vix
622 466 880 515 moveretur,
920 478 1016 505 suas
1056 464 1262 518 primum,
1296 463 1447 504 deinde

90 522 224 563 totius
256 522 466 563 exercitus
498 523 684 563 sarcinas
717 524 903 576 exceptis
935 522 1164 564 admodum
1197 522 1448 565 necessariis

90 580 274 622 conferri
307 582 431 623 iussit
457 583 502 623 in
533 582 732 623 medium.
795 581 1001 623 Planities
1034 583 1224 638 spatiosa
1255 586 1364 637 erat,
1403 583 1446 623 in
1477 594 1518 623 15

91 655 217 694 quam
268 640 461 681 vehicula
522 646 675 683 onusta
725 641 1020 696 perduxerant.
1106 641 1446 696 Expectantibus

91 699 274 754 cunctis,
307 700 409 754 quid
443 701 593 741 deinde
625 704 736 742 esset
768 701 1068 755 impei·aturUS‚
1102 702 1291 743 iumenta
1323 702 1447 742 iussit

37 777 70 802 ιο
89 759 241 800 abduci
281 761 454 813 suisque
486 761 671 814 primum
711 761 888 802 sarcinis
931 761 1022 802 face
1064 760 1234 802 subdita
1285 763 1447 802 ceteras

89 818 256 860 incendi
301 819 563 874 [praecepit]
633 819 893 875 Plagrabant
933 820 1210 861 exurentibus
1251 819 1446 874 dominis,
1476 832 1518 861 16

90 892 197 931 quae
242 881 289 918 ut
321 879 481 919 intacta
525 893 576 920 ex
614 879 792 920 urbibus
840 879 1029 921 hostium
1068 882 1284 933 raperent,
1323 894 1447 933 saepe

89 937 282 978 flammas
315 938 611 991 restinxerant‚
643 939 761 979 nullo
795 939 1015 995 sanguinis
1047 940 1233 994 pretium
1266 939 1448 981 audente

90 996 261 1051 deflere,
304 1012 398 1038 cum
438 998 576 1053 regias
616 1012 717 1052 opes
755 997 865 1039 idem
907 999 1017 1054 ignis
1051 1002 1256 1039 exureret.
1320 998 1447 1040 Brevi
1476 1011 1518 1040 17

37 1073 69 1097 15
91 1056 241 1096 deinde
274 1057 384 1098 ratio
417 1057 633 1112 mitigavit
665 1057 873 1110 dolorem,
911 1058 1160 1112 habilesque
1194 1058 1372 1099 militiae
1406 1061 1447 1098 et

17 1236 67 1272 22

35 1370 68 1396 80

91 1115 143 1156 ad
182 1117 324 1156 omnia
357 1117 494 1169 parati
536 1117 808 1158 laetabantur
846 1118 1108 1159 sarcinarum
1140 1117 1284 1172 potius
1319 1132 1444 1171 quam

89 1174 337 1229 disciplinae
369 1176 521 1218 fecisse
554 1177 772 1218 iacturam.

177 1233 318 1290 Igitur
338 1235 609 1277 Bactrianam
635 1237 853 1290 regionem
877 1236 1091 1290 petebant.
1138 1236 1219 1277 Sed
1246 1236 1446 1288 Nicanor,
1476 1247 1517 1277 13

89 1293 383 1335 Parmenionis
415 1295 549 1348 filius,
588 1296 729 1337 subita
761 1299 899 1336 morte
939 1298 1157 1349 correptus
1188 1310 1346 1351 magno
1380 1296 1446 1336 de-

90 1352 244 1394 siderio
278 1355 343 1394 sui
376 1354 586 1395 adfecerat
613 1358 800 1396 cunctos.
839 1354 932 1396 Rex
964 1357 1063 1396 ante
1096 1355 1234 1396 omnis
1260 1358 1447 1396 maestus
1476 1367 1517 1396 19

89 1412 286 1466 cupiebat
314 1413 483 1467 quidem
506 1414 737 1455 subsistere
756 1413 897 1455 funeri
911 1414 1148 1467 adfuturus,
1176 1415 1249 1455 sed
1268 1415 1447 1469 penuria

90 1475 404 1513 commeatuum
445 1473 648 1514 festinare
686 1473 882 1528 cogebat:
932 1473 1074 1528 ita-que
1116 1473 1310 1515 Philotas
1349 1488 1446 1515 cum

90 1530 253 1572 duobus
286 1532 462 1572 milibus
504 1536 545 1573 et
577 1544 638 1573 DC
671 1533 861 1586 relictus,
894 1536 941 1573 ut
979 1534 1091 1574 iusta
1130 1533 1252 1574 fratri
1289 1534 1447 1587 perso}

66 1593 218 1642 *vei-et,
250 1589 340 1644 ipse
373 1591 593 1632 contendit
625 1592 676 1632 ad
702 1591 892 1633 Bessum.

35 1665 69 1692 25

178 1648 265 1690 Iter
296 1650 470 1692 facienti
503 1651 541 1692 ei
573 1651 741 1692 litterae
774 1651 1024 1692 adferuntur
1049 1667 1072 1692 a
1098 1652 1292 1693 finitimis
1319 1655 1447 1693 satra·
1475 1663 1518 1693 20

89 1723 252 1762 parum,
274 1724 294 1750 e
316 1710 471 1764 quibus
493 1711 713 1765 cognoscit
733 1710 911 1752 Bessum
934 1711 1105 1765 quidem
1126 1711 1276 1753 hostili
1303 1711 1445 1752 animo

91 1782 311 1810 occurrere
351 1783 446 1809 cum
492 1770 698 1823 exercitu,
737 1774 925 1812 ceterum
965 1769 1287 1823 Satibarzanen,
1321 1786 1446 1824 quem

186 1901 204 1930 1
232 1897 461 1932 Artaxerxen
487 1899 778 1933 Freinshemius:
807 1901 1021 1933 artaxersen
1047 1902 1085 1933 A.
1198 1899 1445 1945 Scythasque]

90 1944 304 1987 scithasque
323 1949 359 1978 L.
434 1949 454 1979 2
482 1945 743 1980 Satibarzanes
763 1950 796 1979 1:
824 1946 1086 1980 satabarzanes
1106 1950 1146 1980 A.
1222 1951 1241 1980 5
1262 1947 1446 1992 luxuriae]

90 1991 256 2025 luxoriae
277 1995 302 2025 B
323 2005 367 2026 m.
384 2005 441 2037 pr.
464 1997 489 2026 L
510 2005 554 2026 m.
576 2005 635 2037 pr.
659 1997 699 2027 V.
782 1997 799 2026 ἰ’
829 1994 988 2027 conferri
1009 1994 1149 2029 Lauer:
1177 1993 1313 2028 referre
1334 1998 1373 2027 A.

90 2038 287 2085 Planities]
310 2039 490 2084 planicies
505 2043 611 2073 BPV.
681 2044 701 2074 8
723 2052 835 2085 quam
853 2042 994 2076 Lauer:
1017 2052 1091 2085 qua
1105 2045 1144 2075 A.
1217 2042 1366 2087 onusta]
1381 2041 1445 2074 ho-

90 2087 201 2120 nusta
226 2090 262 2120 P.
348 2092 390 2121 10
417 2088 515 2133 face]
542 2087 638 2121 facie
658 2090 684 2120 B
705 2100 748 2122 m.
769 2100 823 2131 pr.
907 2088 1072 2134 subdita]
1100 2089 1259 2122 subdida
1280 2092 1305 2121 P
1325 2101 1369 2123 m.
1385 2101 1444 2133 pr.

94 2137 136 2166 11
158 2133 380 2180 [praecepit]
401 2136 467 2170 del.
490 2136 683 2172 Kinchius.
753 2136 996 2182 Plagrabant]
1019 2136 1235 2180 fraglabant
1254 2140 1290 2170 P.
1360 2147 1445 2169 exu-

92 2180 276 2227 rentibus]
297 2182 549 2218 exurientibus
563 2186 604 2216 V.
681 2186 722 2216 12
743 2182 901 2229 intacta]
916 2184 1050 2218 intacti
1063 2188 1089 2216 P
1109 2196 1153 2218 m.
1172 2195 1229 2227 [ιν.
1300 2187 1342 2217 13
1364 2195 1446 2217 san-

93 2227 233 2273 guinis]
248 2230 415 2273 saguinis
429 2234 465 2265 1..
531 2233 572 2265 19
589 2230 860 2276 Parmenionis]
875 2230 1151 2274 parmoenionis
1167 2235 1199 2265 C.
1268 2234 1311 2264 20
1327 2231 1445 2265 omnis

93 2278 118 2307 P
138 2286 180 2308 m.
195 2287 272 2319 pru:
301 2287 426 2310 omnes
447 2282 480 2312 c.
556 2280 599 2311 23
626 2277 687 2323 Dc]
708 2281 753 2311 ff:
773 2281 808 2311 P.
885 2282 927 2312 25
954 2277 1125 2323 facienti]
1149 2278 1313 2312 faciendi
1333 2282 1372 2311 V.

94 2321 261 2356 finitimis
288 2327 320 2357 1:
359 2324 493 2359 finibus·
520 2329 558 2360 A.
682 2326 932 2371 satraparum]
966 2326 1229 2369 satrapharum
1255 2329 1280 2358 B
1309 2338 1350 2359 m.
1373 2338 1446 2369 pr..

94 2371 374 2414 satzrapffirum
394 2375 430 2413 L,
458 2372 737 2417 sati-aphrarum
763 2375 802 2405 V.
878 2377 921 2406 ⁶26
950 2373 1156 2418 cognoscit]
1184 2375 1382 2417 cognoscet
1409 2377 1445 2406 P.
