1610 2522
140 266 158 295 9

120 381 160 411 10

120 615 154 643 11

120 971 158 1000 13

121 1269 159 1298 14

122 1626 161 1656 15

189 141 274 183 388
693 142 733 184 Q.
762 141 904 177 CURTI
931 142 1043 177 RUFI

277 249 491 305 Septimus
525 251 614 292 dies
647 254 748 305 erat,
779 266 830 292 ex
863 266 947 306 quo
981 266 1134 307 corpus
1168 253 1280 308 regis
1307 252 1470 294 iacebat
1497 253 1537 294 in
1561 257 1607 293 31

186 310 308 362 solio,
342 311 454 351 curis
488 312 678 352 omnium
712 311 763 351 ad
791 310 1060 353 formandum
1087 311 1306 366 publicum
1335 315 1490 354 statum
1517 327 1541 353 a

187 373 272 411 tam
307 370 502 412 sollemni
536 385 709 411 munere
742 371 911 412 aversis.
964 370 1020 411 Et
1051 385 1138 412 non
1167 370 1275 412 alius
1304 386 1431 425 quam
1459 371 1542 413 Me·

186 430 448 484 sopotamiae
493 430 678 485 regionis
723 429 928 471 fervidior
971 433 1107 472 aestas
1152 431 1315 484 existit,
1360 430 1462 472 adeo
1494 433 1543 472 ut

187 490 388 543 pleraque
419 489 629 543 animalia,
664 504 770 543 quae
803 489 847 531 in
882 490 994 531 nudo
1029 489 1120 531 solo
1154 489 1443 545 deprehendit,
1474 505 1540 532 ex·
1579 509 1595 533 τ,

185 549 371 603 tinguat:
416 551 561 590 tantus
606 551 670 590 est
713 563 846 603 vapor
890 549 991 590 solis
1036 552 1077 590 et
1109 550 1230 605 caeli,
1276 564 1359 604 quo
1391 553 1542 591 cuncta

186 607 301 649 velut
333 609 431 662 igne
463 611 687 650 torrentur.
751 608 908 650 Fontes
941 623 1148 663 aquarum
1182 611 1223 650 et
1255 610 1338 650 rari
1371 611 1470 651 sunt
1500 612 1542 650 et

184 667 462 709 incolentium
495 668 642 709 fraude
675 667 880 709 celantur:
921 669 1024 722 ipsis
1056 683 1156 710 usus
1189 671 1324 724 patet,
1368 669 1540 724 ignotus

185 730 249 767 est
293 726 476 768 advenis
540 727 760 769 Traditum
805 727 940 783 magis
981 743 1107 782 quam
1141 728 1345 770 creditum
1387 728 1540 769 refero:

185 789 233 827 ut
278 787 448 828 tandem
494 801 639 828 curare
691 801 844 841 eorpus
886 787 1128 828 exanimum
1174 787 1321 829 amicis
1365 787 1542 842 vacavit,
1563 805 1596 830 10

184 847 302 887 nulla
335 847 444 899 tabe,
477 861 529 887 ne
555 846 730 888 minimo
759 846 929 900 quidem
955 847 1089 888 livore
1117 850 1362 901 corruptum
1390 847 1542 897 videre,

186 906 259 959 qui
302 907 576 947 intraverant.
639 905 776 962 Vigor
821 921 1008 960 quoque,
1055 907 1127 961 qui
1169 909 1336 948 constat
1376 920 1427 947 ex
1460 906 1542 962 spi-

185 965 289 1017 ritu,
340 964 528 1007 nondum
580 965 831 1007 destituerat
880 966 1056 1007 vultum.
1136 964 1286 1020 Itaque
1338 965 1538 1021 Aegyptii

187 1023 472 1078 Chaldaeique
510 1026 614 1066 iussi
653 1040 806 1079 corpus
848 1040 924 1066 suo
958 1039 1074 1067 more
1107 1040 1251 1067 curare
1285 1025 1423 1079 primo
1455 1039 1540 1066 non

186 1088 285 1124 sunt
324 1085 415 1125 ausi
448 1084 673 1126 admovere
704 1085 822 1125 velut
854 1085 1031 1138 spiranti
1064 1100 1229 1126 manus:
1270 1084 1418 1126 deinde
1450 1099 1595 1139 pre-15

186 1143 290 1197 eati,
334 1146 382 1184 ut
419 1144 484 1184 ius
523 1144 671 1198 fasque
709 1147 819 1185 esset
861 1144 1114 1185 mortalibus
1147 1147 1373 1186 attrectare
1406 1144 1542 1198 deum,

185 1217 421 1258 purgavere
467 1218 636 1258 corpus,
681 1205 975 1258 repletumque
1017 1207 1080 1244 est
1121 1204 1323 1245 odoribus
1368 1218 1539 1245 aureum

187 1262 340 1304 solium
371 1266 411 1304 et
438 1263 567 1318 capiti
594 1263 756 1304 adiecta
782 1263 977 1304 fortunae
1004 1262 1093 1303 eius
1120 1263 1316 1318 insignia.
1366 1262 1540 1304 Veneno

187 1326 382 1363 necatum
416 1336 505 1364 esse
538 1322 750 1364 credidere
781 1323 990 1377 plerique:
1023 1322 1160 1364 filium
1187 1322 1404 1377 Antipatri
1432 1323 1542 1363 inter

189 1381 419 1435 ministros,
450 1381 601 1423 Iollam
633 1383 816 1436 nomine,
854 1382 988 1437 patris
1021 1382 1138 1423 iussu
1172 1381 1345 1423 dedisse.
1409 1380 1541 1436 Saepe
1563 1398 1596 1424 20

189 1444 300 1482 certe
333 1441 478 1483 audita
509 1445 599 1482 erat
625 1456 708 1482 vox
728 1440 961 1483 Alexandri
983 1440 1257 1496 Antipatrum
1284 1441 1448 1496 regium
1475 1440 1543 1482 ad—

188 1500 344 1542 fectare
375 1501 594 1557 fastigium
627 1502 915 1555 maioremque
955 1515 1044 1542 esse
1075 1501 1276 1556 praefecti
1311 1500 1462 1554 opibus
1495 1514 1543 1543 ac

188 1560 315 1602 titulo
351 1559 584 1615 Spartanae
630 1560 831 1602 victoriae
875 1560 1069 1601 inflatum
1113 1561 1255 1601 onmia
1299 1575 1323 1601 a
1361 1574 1405 1601 se
1445 1559 1544 1601 data

189 1620 449 1661 adserentem
492 1620 583 1661 sibi.
648 1620 883 1661 Credebant
924 1620 1049 1661 etiam
1085 1620 1302 1661 Craterum
1343 1634 1437 1661 cum
1477 1634 1544 1660 ve-

189 1682 325 1720 terum
367 1679 553 1721 militum
595 1694 723 1720 manu
765 1679 817 1720 ad
858 1679 1193 1720 interficiendum
1227 1693 1320 1720 eum
1355 1679 1595 1721 missumst

287 1836 303 1865 1
333 1831 495 1877 iacebat]
521 1831 679 1876 gacebat
699 1836 724 1865 L
747 1831 1195 1878 m.pr.33011emni]
1217 1830 1413 1875 sollempni
1433 1833 1471 1865 V.

191 1879 285 1913 alius
306 1889 418 1922 quam
439 1879 733 1923 Mesopotamiae
753 1879 914 1924 regionis
935 1879 1111 1913 fervidior
1131 1883 1252 1913 aestas
1274 1880 1432 1922 Ieepius:
1460 1877 1543 1911 aliis

191 1938 303 1970 quam
341 1926 631 1970 mesopotamiae
668 1927 810 1971 1egi0ni
849 1927 1028 1961 feruidior
1066 1929 1188 1961 aestus
1223 1926 1393 1969 c,a1ias
1432 1936 1541 1969 quam

191 1974 480 2018 mesopotamiae
506 1974 657 2019 regione
683 1974 860 2009 fervidior
886 1978 1057 2009 aestusS
1062 2003 1067 2008 .
1185 1978 1204 2008 5
1233 1972 1477 2018 deprehendit
1504 1976 1542 2006 C:

192 2022 388 2066 deprendit
415 2026 445 2055 S.
570 2025 589 2055 8
617 2021 800 2067 celantur]
832 2022 1001 2056 colantur
1028 2027 1048 2055 S
1077 2034 1118 2056 m
1141 2034 1200 2066 pr.
1322 2020 1412 2065 ipsis
1439 2020 1542 2066 usus]

192 2070 263 2114 ipsi
285 2082 370 2103 suus
392 2074 427 2103 F.
505 2074 523 2103 9
545 2070 662 2103 ref-mo
681 2070 800 2115 Voyel:
823 2070 935 2104 refert
949 2073 987 2103 A.
1066 2073 1107 2103 10
1128 2069 1284 2113 vacavit]
1308 2068 1485 2101 uacuauit
1503 2071 1542 2101 V.
1604 2085 1610 2095 ·

195 2122 233 2151 11
263 2117 391 2163 livore}
420 2117 555 2150 librore
581 2120 619 2150 V.
722 2121 763 2150 12
791 2118 849 2162 ex]
878 2130 942 2151 vm.
971 2121 996 2150 L
1021 2129 1065 2151 m.
1084 2129 1140 2160 pr.
1242 2119 1282 2150 13
1313 2115 1478 2149 nondum
1505 2119 1542 2149 S:

192 2176 264 2199 non
292 2169 322 2198 C.
450 2169 491 2198 15
518 2164 635 2210 velut]
663 2164 773 2198 uelud
800 2168 834 2197 L.
961 2168 1001 2197 16
1033 2164 1145 2209 esset]
1173 2173 1251 2198 esse
1279 2167 1310 2197 C.
1434 2162 1542 2196 deum
1599 2147 1610 2201 ἒ

192 2213 332 2247 Rader:
355 2224 436 2246 eum
458 2215 496 2246 A.
547 2213 627 2246 Hoc
646 2212 749 2247 verbo
770 2212 901 2246 desinit
921 2215 949 2244 V
972 2213 1007 2245 in
1029 2213 1099 2254 sine
1118 2212 1210 2255 folii.
1312 2214 1354 2244 18
1376 2209 1541 2263 Veneno]

192 2271 374 2294 uenenum
403 2264 434 2294 c.
537 2263 578 2293 19
605 2260 699 2306 esse]
726 2270 805 2294 esse
826 2259 999 2293 dixerunt
1018 2262 1059 2300 L
1089 2260 1124 2293 in
1147 2262 1172 2292 B
1200 2258 1372 2292 dixerunt
1397 2257 1482 2292 add.
1504 2257 1543 2291 in

192 2320 356 2354 maryme
390 2320 431 2342 m.
460 2319 536 2350 seen,
569 2307 611 2341 de
640 2311 677 2348 F,
709 2309 774 2351 qui
803 2308 861 2341 hic
893 2308 987 2341 lacer
1021 2311 1081 2346 est
1113 2307 1204 2341 nihil
1234 2307 1319 2341 certa
1351 2305 1544 2348 adfirmari

188 2359 302 2399 potzst
413 2355 619 2408 Antipatri]
641 2335 773 2388 ainatri
795 2359 825 2388 S
925 2357 968 2388 23
997 2353 1199 2398 Spartanae
1227 2353 1418 2397 victoriae]
1442 2363 1541 2396 spar-

192 2406 280 2436 tana
308 2403 464 2436 uictoria
493 2407 521 2435 S.
623 2406 665 2435 24
694 2402 916 2447 Ciedebant]
945 2401 1118 2436 credebat
1147 2406 1167 2434 S
1189 2414 1231 2435 m.
1252 2413 1306 2445 pr.
