1610 2522
346 101 675 136 HISTORIARUM
704 101 984 136 ALEXANDRI
1013 102 1054 145 X,
1084 106 1136 136 10.
1331 102 1415 144 389

66 211 163 252 Vim
198 213 339 253 autem
373 212 534 266 veneni,
567 211 680 266 quod
714 211 757 252 in
777 211 1025 252 Macedonia
1050 210 1254 266 gignitur,
1287 212 1414 252 talem
1446 220 1485 250 16

65 286 156 312 esse
212 273 395 321 constat,
451 273 499 312 ut
553 271 713 312 ferrum
770 285 938 324 quoque
989 273 1156 323 exurat,
1213 271 1414 326 ungulam

67 330 242 372 iumenti
269 330 490 371 dumtaxat
516 330 748 385 patientem
775 344 864 371 esse
886 328 1088 386 [constat]
1111 330 1216 371 suci:
1239 330 1415 385 Stygem
1445 338 1485 368 17

65 392 283 445 appellant
307 390 480 443 fontem,
507 404 558 430 ex
584 404 667 444 quo
694 389 942 444 pestiferum
970 389 1085 431 virus
1112 392 1290 431 emanat.
1323 389 1416 430 Hoc

29 467 44 491 5
65 465 140 504 per
172 450 451 490 Cassandrum
492 449 679 490 adlatum
718 449 1007 503 traditumque
1046 449 1168 490 fratri
1205 448 1336 491 Iollae
1376 452 1417 490 et

65 510 115 550 ab
150 523 197 549 eo
230 523 449 562 supremae
481 509 593 563 regis
626 509 792 563 potioni
825 508 1018 550 inditum.
1081 508 1214 563 Haec,
1253 511 1415 549 utcum-
1445 516 1486 545 18

64 583 145 622 que
177 570 288 622 sunt,
326 568 483 609 credita
515 583 675 622 eorum,
720 582 828 622 quos
860 583 1006 609 rumor
1038 571 1286 623 asperserat,
1317 583 1415 610 mox

64 627 253 682 potentia
285 629 485 669 extinxit:
527 643 704 683 regnum
738 628 850 669 enim
882 627 1156 671 Macedoniae
1188 627 1416 683 Antipater

64 690 106 729 et
132 686 347 729 Graeciam
381 701 548 741 quoque
580 687 747 740 invasit,
781 687 951 728 suboles
984 689 1133 730 deinde
1159 690 1326 743 excepit
1356 689 1417 729 in·
1445 694 1486 724 19

12 763 45 789 10
65 747 254 789 terfectis
296 747 512 799 omnibus,
558 747 813 801 quicumque
845 746 1133 789 Alexandrum
1167 749 1293 789 etiam
1326 748 1416 790 lon-

64 808 223 863 ginqua
267 807 520 862 cognatione
558 806 835 862 contigerant.
900 806 1096 849 Ceterum
1139 823 1292 862 corpus
1326 809 1415 849 eius
1442 816 1487 845 20

64 882 87 908 a
113 866 375 919 Ptolomaeo,
404 866 471 907 cui
499 864 724 921 Aegyptus
752 869 944 919 cesserat,
976 867 1211 922 Memphim
1245 871 1287 909 et
1319 868 1416 909 inde

62 925 206 980 paucis
238 928 338 981 post
368 925 489 966 annis
522 925 832 979 Alexandream
866 927 1119 968 translatum
1153 930 1228 982 est,
1260 927 1415 969 omnis-

64 1000 145 1040 que
177 985 403 1026 memoriae
435 999 483 1025 ac
514 985 675 1026 nomini
707 985 843 1026 honos
875 985 1067 1027 habetur.

162 1119 177 1149 1
207 1114 352 1161 veneni]
385 1117 567 1151 ueneneni
595 1121 614 1150 S
642 1129 684 1151 m.
705 1129 764 1161 pr.
889 1122 908 1151 2
935 1117 1115 1162 ungulam
1141 1121 1174 1150 1:
1208 1116 1349 1161 ungula
1376 1119 1414 1150 A.

66 1167 85 1197 3
112 1163 332 1209 patientem]
360 1164 569 1208 pacientem
590 1168 626 1207 L,
654 1166 716 1209 qui
735 1166 799 1200 hoc
818 1166 920 1200 verbo
947 1165 1081 1200 desinit
1102 1166 1140 1199 in
1160 1166 1231 1207 sine
1249 1164 1343 1207 folii.

64 1212 242 1257 [constat]
257 1211 322 1246 del.
344 1212 549 1248 Acidaliae.
601 1212 694 1246 suci:
719 1212 886 1259 Stygem]
901 1213 1128 1258 sucystigem
1143 1216 1175 1245 C.
1228 1216 1246 1245 5
1263 1211 1417 1246 Cassan-

64 1260 185 1304 drum]
213 1259 433 1293 casandrum
461 1264 491 1294 S.
567 1260 690 1306 fratri]
717 1261 802 1295 hinc
827 1261 957 1305 'incipit
982 1262 1023 1295 in
1042 1264 1068 1293 F
1095 1260 1223 1294 deaetra
1249 1260 1417 1294 columna

62 1308 145 1351 folii
169 1309 327 1351 extremi,
353 1319 443 1352 quae
469 1312 543 1343 tota
561 1309 634 1351 fere
660 1310 785 1343 avolsa
803 1313 863 1351 est,
892 1313 930 1343 nt
948 1312 1096 1353 praeter
1120 1308 1417 1352 subscriptionem

64 1356 158 1390 nihil
193 1356 262 1401 leyi
291 1357 409 1400 possit
443 1357 515 1390 nisi
547 1357 705 1401 quinque
738 1357 875 1391 litterae
907 1367 1048 1391 memor
1079 1358 1174 1391 vocis
1205 1356 1415 1390 memoriae.

64 1409 83 1435 (ἰ
117 1404 326 1449 supremae]
362 1408 541 1448 suppmae
570 1409 600 1438 S.
724 1409 764 1438 11
802 1404 1052 1450 contigerant]
1086 1404 1347 1450 contingerant
1378 1406 1414 1437 B.

65 1454 106 1484 12
133 1450 350 1485 Ptolomaeo
376 1452 521 1495 scripsi:
555 1452 742 1496 ptolomeo
764 1456 800 1493 S,
831 1451 1046 1496 ptholomeo
1068 1455 1104 1487 B.
1188 1456 1229 1486 13
1257 1451 1416 1486 Alexan-

63 1498 190 1532 dream
216 1501 258 1532 B:
299 1498 551 1533 alexandriam
580 1504 609 1533 S.
686 1512 842 1537 wevra-1
868 1512 950 1534 RVFI
976 1503 1188 1534 msTomARff
1213 1512 1416 1533 ALEXANDRI

62 1557 173 1579 MAGm
211 1558 411 1580 »monnoms
450 1559 640 1580 Lmen-x·
680 1560 885 1582 EXPLICITUS
925 1560 1110 1581 Famcni-:R
1147 1551 1190 1588 B,
1231 1559 1416 1586 -Q-cvnn

61 1606 143 1627 RVFI
168 1606 404 1628 EISTORIARVM
429 1606 630 1628 ALEXANDRI
657 1608 767 1629 MAGNI
793 1608 991 1629 MACEDONIS
1019 1608 1122 1628 LIBER
1145 1593 1253 1629 DEGDi
1275 1598 1415 1628 FELICIY

63 1645 151 1676 EX—PL
170 1654 264 1675 AMEN
284 1645 321 1684 F,
344 1655 366 1680 Q,
381 1662 386 1667 ”
405 1654 505 1676 CVRTI
519 1655 602 1676 RVFI
615 1655 861 1677 HYSTORIARVM
876 1656 986 1677 MAGNI
1001 1655 1201 1677 MACEDONIS
1216 1655 1416 1676 ALEXANDM

68 1701 436 1723 -LIBER·x-EXPL101T
464 1694 494 1723 S.
