1610 2522
66 567 108 596 24

71 1398 114 1429 28

74 1577 116 1607 251

76 1756 120 1785 3o

135 89 221 130 290
638 86 678 127 Q.
706 85 849 121 CURTI
876 85 988 119 RUFI

133 199 272 239 lentae
305 221 361 225 —
395 196 563 237 Beiram
598 195 760 236 incolae
793 197 946 235 vocant
980 219 1034 223 —
1069 194 1259 248 reliquit,
1304 193 1394 247 ipse
1437 191 1487 232 ad

135 257 333 309 Mazagas
362 255 488 296 venit.
540 253 689 309 Nuper
714 254 945 306 Assacano,
977 254 1096 294 cuius
1127 267 1306 308 regnum
1339 252 1489 305 fuerat,

136 317 359 357 demortuo
387 314 550 369 regioni
579 314 759 367 urbique
786 316 979 367 praeerat
1005 316 1141 353 mater
1165 312 1256 353 eius
1277 310 1488 365 Cleophis.

90 391 95 398 ·
135 387 315 416 xxxvnl
356 374 474 415 milia
511 373 702 427 peditum
745 374 975 414 tuebantur
1007 373 1155 413 urbem
1188 386 1275 413 non
1308 371 1392 411 situ
1427 385 1490 411 so-

136 436 237 483 lum,
264 434 336 474 sed
363 434 490 474 etiam
518 447 645 486 opere
673 434 891 473 munitam.
936 431 1047 472 Nam
1070 446 1150 485 qua
1173 433 1338 484 spectat
1357 430 1489 471 orien-
1529 451 1544 476 5

136 498 240 546 tem,
283 493 470 548 cingitur
502 507 624 533 amne
657 491 854 545 torrenti,
899 492 972 546 qui
1004 491 1244 546 praeruptis
1278 490 1491 543 utrimque

137 554 242 607 ripis
275 553 437 594 aditum
468 552 519 592 ad
546 552 693 593 urbem
721 551 895 606 inpedit.
950 550 1017 592 Ad
1045 550 1305 592 occidentem
1335 563 1383 590 ac
1409 563 1491 589 me-

135 613 287 654 ridiem
332 612 464 652 veluti
509 611 558 651 de
605 611 814 652 industria
857 625 984 664 rupes
1029 609 1240 664 praealtas
1286 607 1492 650 obmolita

135 677 288 714 natura
332 675 412 724 est,
457 670 568 711 infra
611 685 714 725 quas
761 684 963 712 cavernae
1007 673 1049 710 et
1093 670 1319 724 voragines
1364 668 1493 722 longa

137 734 348 773 vetustate
368 731 411 771 in
433 730 567 771 altum
588 733 759 771 cavatae
780 731 929 782 iacent⁷
957 744 1123 783 quaque
1144 729 1354 781 desinunt,
1377 727 1494 768 fossa
1514 747 1547 772 10

92 804 105 832 ῑ
142 791 328 847 ingentis
361 790 501 844 operis
535 789 702 831 obiecta
733 793 807 830 est.
870 801 997 829 XXXV
1030 788 1214 830 stadium
1250 801 1394 828 murus
1426 801 1494 826 ur-

141 851 235 891 bem
272 849 567 904 conplectitur,
601 851 721 891 cuius
755 850 839 889 ima
872 863 987 893 saxo.
1023 848 1245 902 superiora
1276 846 1405 887 crudo
1437 845 1493 886 la—

138 914 226 951 tere
260 913 360 950 sunt
392 912 564 950 structa.
623 908 765 949 Lateri
799 908 1015 949 vinculum
1048 907 1209 961 lapides
1243 909 1354 959 sunt,
1387 918 1494 959 quos

140 971 448 1023 interposuere,
492 972 539 1009 ut
578 968 736 1009 duriori
777 968 976 1008 materiae
1013 967 1182 1021 fragilis
1220 965 1496 1016 incumberet,

141 1029 352 1082 simulque
377 1031 488 1069 terra
514 1027 692 1069 humore
719 1027 865 1068 diluta.
912 1026 978 1067 Ne
1004 1030 1146 1068 tamen
1174 1026 1371 1066 universa
1397 1038 1493 1066 con·
1516 1043 1548 1069 15

141 1089 313 1142 sideret,
356 1088 568 1141 inpositae
602 1090 721 1128 erant
752 1086 894 1128 trabes
928 1086 1109 1140 validae,
1152 1084 1307 1139 quibus
1340 1084 1496 1125 iniecta

141 1148 333 1189 tabulata
366 1161 510 1188 muros
544 1150 585 1187 et
617 1146 820 1201 tegebant
852 1149 894 1187 et
926 1146 1095 1199 pervios
1127 1146 1325 1186 fecerant.
1380 1142 1497 1184 Haec

141 1208 406 1249 munimenta
439 1205 797 1260 contemplantem
826 1205 1115 1246 Alexandrum
1149 1203 1403 1257 consiliique
1435 1203 1493 1243 in-

143 1270 322 1319 certum,
362 1267 461 1320 quia
492 1280 569 1306 nec
601 1280 801 1306 cavernas
832 1265 913 1305 nisi
949 1279 1102 1319 aggere
1133 1266 1302 1318 poterat
1334 1263 1496 1317 inplere

142 1341 220 1368 nec
252 1328 466 1367 tormenta
499 1326 622 1366 aliter
661 1325 792 1365 muris
826 1324 1066 1377 admovere,
1113 1323 1287 1377 quidam
1321 1338 1342 1363 e
1374 1335 1496 1363 muro
1517 1340 1551 1366 20

142 1388 299 1441 sagitta
347 1386 574 1439 percussit:
626 1388 668 1425 et
718 1384 828 1426 forte
878 1385 922 1424 in
974 1398 1115 1424 suram
1160 1382 1311 1424 incidit
1352 1382 1495 1422 telum.

145 1445 277 1487 Cuius
309 1445 473 1499 spiculo
506 1444 649 1485 evolso
682 1444 898 1484 admoveri
930 1458 1086 1496 equum
1120 1442 1257 1495 iussit,
1289 1455 1373 1494 quo
1407 1454 1498 1481 vec-

143 1510 213 1546 tus
244 1520 297 1546 ne
330 1504 521 1559 obligato
553 1503 722 1557 quidem
750 1503 923 1544 vulnere
949 1502 1062 1543 haud
1089 1502 1262 1557 segnius
1289 1500 1498 1542 destinata

145 1564 443 1618 exequebatur.
507 1562 702 1604 Ceterum
736 1577 829 1603 cum
865 1577 959 1603 crus
992 1562 1182 1602 saucium
1211 1560 1426 1615 penderet,
1458 1562 1499 1600 et

146 1639 296 1665 cruore
341 1624 498 1664 siccato
536 1623 768 1678 frigescens
807 1621 960 1662 vulnus
1006 1621 1256 1676 adgravaret
1297 1619 1500 1671 dolorem,
1519 1637 1553 1662 85

146 1684 304 1724 dixisse
345 1683 481 1723 fertur
513 1697 556 1723 se
588 1681 759 1736 quidem
792 1680 905 1722 Iovis
936 1682 1074 1722 filium
1107 1680 1208 1732 dici,
1247 1679 1319 1720 sed
1353 1691 1498 1732 corpo-

147 1744 204 1784 ris
237 1742 353 1797 aegri
386 1742 490 1782 vitia
526 1742 693 1782 sentire.
755 1740 853 1781 Non
885 1743 1026 1781 tamen
1060 1743 1156 1780 ante
1189 1753 1232 1779 se
1265 1739 1424 1792 recepit
1457 1737 1499 1777 in

148 1806 297 1854 castra,
329 1816 456 1855 quam
487 1804 639 1843 cuncta
664 1800 881 1854 perspexit
908 1803 961 1853 et,
994 1814 1100 1853 quae
1126 1799 1219 1840 fieri
1244 1799 1385 1850 vellet⁷
1417 1796 1499 1837 edi-

247 1972 262 1999 1
292 1966 436 2000 Beiram
459 1969 496 1998 C:
525 1964 628 1998 beira
654 1968 689 1998 P.
764 1964 932 2009 reliquit]
958 1963 1120 2007 reliquid
1140 1966 1179 1996 V.
1279 1965 1298 1995 3
1327 1960 1499 2004 Cleophis

151 2015 378 2049 Rczssneccius:
408 2012 579 2056 cleophes
606 2017 645 2045 A.
716 2015 734 2045 6
763 2012 886 2057 amne]
913 2015 1020 2045 amne
1039 2015 1065 2044 P
1088 2022 1208 2055 impr.
1279 2013 1295 2042 7
1324 2020 1367 2042 ac
1394 2008 1500 2042 meri-

150 2063 249 2096 diem
286 2062 470 2095 Kinchius
523 2070 543 2093 a
577 2059 730 2093 meridie
764 2063 806 2101 P,
843 2062 879 2093 et
916 2069 935 2092 a
971 2058 1125 2092 meridie
1153 2062 1185 2091 C.
1332 2060 1352 2090 8
1384 2055 1501 2090 veluti

148 2110 292 2153 scripsi:
321 2107 427 2142 uelut
451 2108 489 2141 in
515 2111 540 2140 P
560 2119 604 2141 m.
623 2119 692 2150 pr„
719 2106 823 2141 uelut
849 2111 881 2140 c.
981 2105 1161 2140 obmolita
1186 2109 1228 2138 P:
1257 2103 1440 2138 admolita
1467 2106 1499 2136 C.

154 2162 192 2191 11
222 2156 385 2189 stadium
418 2155 626 2199 Zumptius:
661 2154 785 2188 stadia.
810 2157 849 2188 A.
996 2153 1138 2198 murus]
1170 2163 1303 2185 munus
1335 2155 1361 2184 P
1383 2162 1499 2195 m.pr.

152 2210 193 2239 12
222 2205 295 2237 ima
330 2204 450 2247 Vosselz
479 2202 554 2236 iam
580 2206 616 2243 P,
642 2201 819 2236 inferiora
845 2206 877 2235 C.
991 2205 1032 2234 15
1060 2204 1158 2234 terra
1186 2200 1338 2233 humore
1365 2197 1501 2243 diluta]

150 2255 287 2286 terram
314 2251 466 2284 humore
493 2249 651 2283 dilutam
673 2254 705 2283 C.
781 2248 852 2294 Ne]
879 2260 952 2282 non
972 2252 1007 2281 P.
1084 2251 1125 2281 17
1153 2246 1292 2291 muros]
1319 2256 1443 2279 muras
1463 2249 1500 2278 F.

152 2303 193 2333 21
223 2301 259 2332 et
286 2298 379 2333 forte
404 2299 549 2341 scripsi:
583 2308 665 2331 cum
695 2296 789 2331 forte
815 2300 856 2338 P,
889 2299 969 2329 tum
996 2295 1089 2329 forte
1117 2300 1147 2328 C.
1296 2294 1334 2327 in
1362 2292 1502 2338 suram]

151 2356 301 2380 usuram
328 2349 354 2378 B
376 2358 418 2379 m.
437 2357 493 2391 pr.
593 2349 636 2378 24
663 2344 846 2389 saucium]
873 2343 1014 2378 sacium
1039 2347 1074 2376 P.
