1610 2522
136 111 192 148 Gt)
644 111 683 150 Q.
713 109 853 143 ‹⁷¹1'R'1‘1
885 109 944 142 m*
955 110 993 143 Fi

75 231 113 260 17
143 220 404 260 occasionem
441 218 568 273 dedit,
602 233 781 272 cumque
815 221 939 272 porta
973 219 1143 259 effracta
1178 218 1331 258 cohors
1362 217 1493 260 Mace-

143 279 298 319 donum
347 278 562 329 intrasset,
609 277 812 332 oppidani
863 278 962 318 olim
1013 277 1192 319 consilio
1239 277 1494 331 proditionis

142 338 302 391 agitato
336 337 571 393 adgregant-
605 352 646 378 se
680 336 945 391 Amphotero
984 340 1026 378 ct
1058 336 1319 393 Hegelocho,
1352 337 1493 377 Persa-

143 412 321 451 rumque
361 397 573 451 praesidio
617 411 738 438 caeso
775 396 1072 437 Pharnabazus
1106 411 1199 438 cum
1237 395 1493 450 Apollonide

75 468 113 498 is
142 461 183 497 et
218 455 494 512 Athenagora
528 457 658 497 vincti
692 456 931 510 traduntur,
965 467 1028 496 XII
1063 456 1254 497 triremes
1288 470 1381 497 cum
1417 470 1493 497 suo

143 516 278 556 milite
320 530 368 557 ac
407 516 579 571 remige,
624 519 791 570 praeter
829 530 898 556 eas
939 527 1031 556 xxx
1067 515 1210 557 inanes
1250 520 1292 556 et
1324 515 1493 569 piratici

142 575 269 616 lembi
311 574 654 629 Graecorumque
694 586 743 615 111
783 574 899 616 milia
940 590 964 615 a
996 574 1136 616 Persis
1176 574 1365 616 mercede
1399 589 1494 616 con-

141 635 278 676 ducta.
343 634 422 676 His
456 635 498 675 in
526 635 872 689 supplementum
902 634 1121 688 copiarum
1150 649 1318 675 suarum
1354 634 1490 675 distri-

142 694 256 735 butis
304 694 540 748 piratisque
589 694 800 748 supplicio
850 694 1030 735 adfectis
1076 694 1268 748 captivos
1313 693 1494 749 remiges

141 754 330 795 adiecere
363 753 487 794 classi
522 769 632 794 suae.

1518 771 1549 795 10

73 826 113 855 11»
232 813 359 855 Forte
393 812 675 865 Aristonicus,
714 812 1110 867 Methymnaeorum
1145 816 1364 867 tyrannus,
1397 826 1492 853 cum
1515 815 1564 850 24

142 873 332 927 piraticis
373 872 551 914 navibus
592 874 764 926 ignarus
805 872 1006 925 omnium,
1049 886 1155 925 quae
1194 871 1305 926 apud
1340 871 1494 912 Chium

141 936 234 975 acta
267 935 403 986 erant,
442 933 581 987 prima
613 932 762 987 vigilia
799 931 849 972 ad
884 935 1035 986 portus
1075 931 1260 973 claustra
1294 931 1496 973 successit

142 992 514 1047 interrogatusque
554 1006 578 1032 a
610 991 870 1043 custodibus,
910 991 1005 1045 quis
1044 995 1165 1043 esset,
1204 990 1493 1031 Aristonicum

69 1065 113 1093 20
141 1052 192 1093 ad
226 1051 547 1093 Pharnabazum
589 1051 731 1092 venire
772 1050 1002 1106 respondit.
1065 1049 1133 1091 Illi
1175 1049 1493 1091 Pharnabazum

142 1111 310 1166 quidem
349 1111 431 1152 iam
466 1111 680 1165 quiescere
721 1114 763 1151 et
801 1125 884 1151 non
926 1124 1048 1165 posse
1088 1114 1178 1150 tum
1218 1109 1346 1164 adiri,
1391 1112 1494 1150 cete-

141 1186 235 1212 rum
270 1174 414 1225 patere
448 1171 565 1212 socio
599 1173 726 1224 atque
758 1169 918 1225 hospiti
945 1171 1117 1225 portum
1153 1172 1195 1211 et
1226 1172 1395 1223 postero
1429 1168 1496 1209 die

72 1243 108 1272 ι’]
147 1230 406 1272 Pharnabazi
460 1231 625 1284 copiam
683 1231 773 1270 fore
825 1229 1061 1271 adfirmant.
1144 1228 1234 1271 Nec
1286 1227 1497 1269 dubitavit

143 1290 415 1332 Aristonicus
447 1291 612 1344 primus
646 1290 816 1342 intrare,
849 1288 983 1330 secuti
1017 1292 1118 1329 sunt
1149 1289 1296 1330 ducem
1326 1286 1494 1342 piratici

142 1350 288 1403 lembi,
335 1364 400 1402 ac,
445 1349 545 1390 dum
597 1348 814 1403 adplicant
863 1348 1033 1404 navigia
1085 1347 1291 1402 crepidini
1335 1349 1496 1401 portus,

143 1409 330 1451 obicitur
363 1424 385 1450 a
414 1408 618 1464 vigilibus
645 1407 890 1461 claustrum,
922 1411 975 1461 et,
1008 1407 1079 1461 qui
1109 1407 1292 1462 proximi
1320 1405 1495 1448 excuba-

145 1469 265 1523 bant,
307 1468 360 1509 ab
399 1468 529 1509 isdem
565 1469 815 1509 excitantur.
878 1466 1010 1508 Nullo
1051 1482 1101 1508 ex
1143 1467 1194 1507 iis
1233 1481 1334 1507 auso
1375 1480 1495 1520 repu-

141 1543 270 1583 gnare
297 1528 497 1569 omnibus
519 1530 692 1569 catenae
720 1528 898 1569 iniectae
920 1530 1031 1571 sunt.
1051 1526 1319 1580 Amphotero
1346 1524 1496 1567 deinde

71 1600 114 1629 22¹
145 1587 478 1642 Hegelochoque
524 1587 762 1628 traduntur.
838 1586 950 1627 Hinc
994 1585 1245 1628 Macedones
1291 1584 1497 1626 transiere

143 1647 389 1701 Mytilenen.
459 1648 594 1696 Quam
636 1645 794 1688 Chares
832 1645 1108 1687 Atheniensis
1148 1660 1283 1699 nuper
1321 1658 1496 1698 occupa-

143 1711 230 1748 tam
271 1719 302 1748 11
337 1706 502 1748 milium
536 1705 758 1747 Persarum
799 1705 1011 1760 praesidio
1051 1705 1235 1758 tenebat,
1277 1704 1361 1757 sed,
1399 1717 1494 1745 cum

142 1766 404 1808 obsidionem
448 1765 629 1807 tolerare
668 1780 754 1806 non
793 1768 956 1820 posset,
995 1764 1101 1805 urbe
1142 1764 1298 1806 tradita
1336 1766 1496 1817 pactus.

143 1829 189 1866 ut.
217 1825 417 1868 incolumi
448 1825 562 1867 abire
590 1824 750 1879 liceret,
775 1824 963 1866 Imbrum
992 1825 1110 1879 petit.
1175 1823 1339 1865 Deditis
1361 1822 1494 1863 Mace-

143 1886 273 1926 dones
306 1889 597 1940 pepercerunt.

238 1995 257 2023 3
285 1991 338 2036 se]
367 2002 403 2023 es
430 1994 468 2023 V.
570 1989 782 2033 Hegelocho
804 1990 1093 2025 Freinslwmius:
1122 1987 1291 2032 egilocho
1312 1990 1337 2020 Ρ
1365 1999 1407 2020 m.
1426 1999 1496 2031 pr„

141 2037 310 2081 egilam-ho
350 2042 371 2071 c
407 2037 594 2083 {egilwho
627 2037 678 2083 L].
827 2041 846 2071 4
886 2036 1107 2081 Apollonide
1146 2039 1176 2069 1:
1223 2033 1428 2079 apollinide
1456 2036 1493 2067 A.

145 2090 180 2119 11
208 2085 554 2129 Methymnaeorum
571 2085 723 2129 Cospus:
747 2085 1066 2128 methymneorum
1082 2087 1118 2124 Ρ,
1140 2082 1448 2116 met-himneorum
1462 2085 1493 2114 c.

142 2132 470 2178 [mechimneorum
492 2133 548 2179 V].
696 2132 891 2177 tyrannus]
925 2132 1093 2166 tirannus
1119 2134 1152 2163 P.
1304 2133 1344 2163 16
1372 2129 1495 2174 posse]

142 2183 265 2225 posset
287 2184 312 2213 P
335 2193 376 2214 m.
395 2193 452 2225 Jrr.
534 2184 573 2214 17
603 2182 749 2224 postero
770 2183 811 2214 P:
840 2182 989 2224 postera
1016 2182 1047 2213 C.
1123 2181 1166 2212 22
1194 2177 1239 2211 iis
1266 2181 1297 2210 1:
1327 2176 1356 2210 is
1384 2179 1422 2209 A.

143 2228 248 2274 auso]
277 2239 370 2262 auxo
398 2232 434 2261 1··.
520 2232 563 2261 ‘23
592 2227 833 2272 Amphotero]
855 2227 1060 2271 anphotero
1082 2229 1115 2259 P.
1202 2229 1244 2258 ⁴24
1266 2223 1496 2266 Hegelocho-

142 2286 212 2319 que
241 2276 375 2310 Aldus:
410 2275 659 2320 hegelocoque
687 2278 724 2309 A.
839 2274 947 2319 Hinc]
981 2273 1039 2307 hic
1066 2277 1105 2307 V.
1214 2276 1257 2305 25
1290 2270 1494 2315 Mytilenen

140 2323 285 2368 scripsi:
314 2323 532 2357 mithilenen
555 2326 593 2356 A.
694 2322 828 2356 (hares
862 2321 1092 2356 Vindelinus:
1122 2332 1221 2354 cart-s
1249 2322 1287 2353 A.
1388 2330 1495 2353 occu-

142 2370 287 2415 patam]
314 2373 536 2414 occupatum
564 2374 598 2403 L.

1518 1067 1549 1092 15

1517 1365 1551 1389 20

1517 1661 1550 1686 25
