1610 2522
68 352 111 381 :56

70 947 111 975 3⁴.)

69 1126 113 1154 -w

138 113 224 154 *2:20
642 112 681 154 Q.
710 112 735 148 C
743 113 767 147 L'
778 113 854 146 lt'l‘l
880 113 993 147 RUFI

139 222 296 276 spatio,
347 222 500 263 intenti
546 222 590 263 in
640 225 837 263 eventum
887 237 974 263 non
1019 222 1173 263 ducum
1224 221 1370 274 modo,
1421 221 1493 263 sed

139 282 266 323 etiam
301 296 400 322 suae
434 281 578 333 sortis,
619 281 775 336 quippe
809 281 993 323 alienum
1027 281 1253 323 discrimen
1295 281 1492 322 secuturi.

139 340 263 382 Prior
296 340 501 381 barbarus
534 340 676 382 emisit
708 340 890 382 hastam:
931 355 1057 395 quam
1091 341 1294 396 Erigyius
1329 340 1494 382 modica

140 401 290 454 capitis
331 399 611 441 declinatione
653 400 826 441 evitavit
863 403 991 454 atque
1030 399 1122 455 ipse
1161 400 1359 441 infestam
1393 400 1493 441 sari-

139 475 229 500 sam
257 474 366 513 equo
394 459 628 500 calcaribus
655 460 867 501 concitato
894 460 939 501 in
965 460 1104 501 medio
1130 459 1299 500 barbari
1319 462 1493 515 gutture

141 519 199 559 ita
232 519 345 572 fixit,
386 521 434 559 ut
472 533 548 572 per
578 518 782 561 cervicem
823 518 1037 560 emineret.
1100 518 1411 573 Praecipitatus
1444 533 1494 559 ex

140 593 249 631 equo
282 578 489 619 barbarus
523 577 659 618 adhuc
691 580 834 619 tamen
866 578 1144 634 repugnabat.
1208 577 1290 619 Sed
1323 577 1394 618 ille
1427 592 1495 618 ex-

139 640 318 678 tractam
351 651 373 678 e
412 637 584 678 vulnere
616 638 781 678 hastam
821 652 965 678 rursus
1005 638 1049 678 in
1081 652 1128 679 os
1167 637 1324 693 dirigit.
1387 636 1496 678 Sati-

140 697 340 738 barzanes
383 711 508 738 manu
544 696 797 750 conplexus,
835 711 918 752 quo
958 697 1163 739 maturius
1197 697 1409 750 interiret,
1441 698 1494 737 ic-

92 768 110 797 c
141 759 232 797 tum
271 756 410 797 hostis
450 755 624 797 adiuvit.
692 755 748 796 Et
788 756 954 797 barbari
1000 756 1104 798 duce
1152 757 1328 809 amisso,
1370 770 1495 810 quem

139 815 275 871 magis
307 815 559 856 necessitate
593 830 717 869 quam
748 818 898 870 sponte
926 816 1059 857 secuti
1087 818 1218 870 erant,
1249 818 1350 856 tunc
1383 815 1496 856 haud

139 875 394 917 inmemores
428 876 676 916 meritorum
697 874 930 916 Alexandri
956 890 1073 916 arma
1099 874 1277 929 Erigyio
1311 875 1494 916 tradunt.

140 934 230 975 Rex
265 935 332 975 his
368 934 539 988 quidem
566 935 716 989 laetus,
748 933 798 975 dc
827 933 1048 989 Spartanis
1076 934 1404 989 haudquaquam
1439 949 1497 975 se-

141 1009 266 1035 curus
300 1008 456 1048 magno
489 996 629 1035 tamen
663 993 804 1035 animo
838 994 1049 1036 defectum
1094 1008 1238 1035 eorum
1280 993 1398 1046 tulit,
1439 993 1497 1033 di-

140 1068 238 1095 cens
270 1068 357 1094 non
395 1055 492 1094 ante
533 1067 656 1094 ausos
699 1053 874 1094 consilia
917 1053 1076 1094 nudare
1111 1069 1237 1108 quam
1272 1053 1409 1108 ipsum
1445 1052 1498 1094 ad

140 1113 246 1154 fines
278 1112 423 1154 Indiae
456 1112 700 1166 pervenisse
733 1115 1001 1168 cognossent.
1064 1112 1159 1166 Ipse
1191 1112 1372 1154 Bessum
1406 1126 1498 1166 per-

141 1187 321 1226 sequens
356 1172 499 1226 copias
525 1171 681 1213 movit:
716 1171 785 1214 cui
804 1171 1008 1227 Erigyius
1035 1172 1203 1213 barbari
1237 1175 1376 1227 caput,
1409 1171 1497 1225 opi-

140 1247 257 1273 mum
289 1231 390 1273 belli
425 1231 564 1284 decus7
597 1231 839 1286 praeferens
873 1231 1068 1272 occurrit.

232 1290 371 1346 Igitur
408 1290 733 1332 Bactrianorum
772 1291 944 1346 regione
976 1290 1188 1332 Artabazo
1227 1290 1383 1332 tradita
1415 1304 1499 1331 sar-

141 1352 256 1392 cinas
289 1353 330 1391 et
362 1350 651 1404 inpedimenta
687 1349 751 1392 ibi
784 1365 878 1391 cum
911 1350 1124 1404 praesidio
1156 1349 1371 1405 relinquit,
1409 1350 1498 1403 ipse
1519 1370 1533 1394 ε

140 1425 236 1451 cum
270 1410 466 1464 expedito
501 1409 671 1464 agmine
704 1409 797 1450 loca
830 1410 993 1451 deserta
1021 1409 1331 1465 Sogdianorum
1369 1410 1498 1450 intrat

238 1567 253 1595 1
283 1563 472 1607 eventum]
498 1563 652 1595 uentum
673 1566 709 1595 P.
800 1561 937 1596 ducum
963 1563 1251 1597 Freinshemius:
1280 1561 1437 1595 duorum
1457 1565 1495 1595 A.

142 1614 160 1642 2
196 1620 284 1643 suae
322 1609 450 1655 sortis]
489 1620 572 1644 sues
607 1608 726 1643 hostis
747 1613 786 1643 V.
933 1610 1109 1655 secuturi]
1150 1611 1276 1644 secutu
1311 1612 1337 1642 P
1371 1620 1412 1642 m.
1439 1621 1497 1653 pr.

141 1659 160 1690 3
188 1656 352 1702 hastam]
380 1659 500 1691 astam
520 1660 583 1690 PV
605 1670 648 1691 m.
662 1669 722 1702 pr.
807 1656 981 1702 Erigyius
1013 1657 1236 1692 Frobcm'us:
1281 1656 1431 1701 erig-uus
1457 1660 1496 1691 A.

141 1708 161 1737 4
190 1704 457 1750 declinatione]
485 1704 726 1739 declinatione
747 1708 783 1737 P.
881 1704 1033 1738 evitavit
1058 1708 1090 1738 1:
1117 1704 1254 1738 uitauit
1276 1707 1314 1738 A.
1408 1704 1498 1738 sari-

142 1762 221 1785 sam
241 1753 388 1795 scripsi:
417 1752 591 1786 sarissam
612 1756 646 1794 c,
667 1762 851 1786 sarassam
870 1755 906 1786 P.
982 1756 1001 1785 5
1031 1752 1216 1786 concitato
1237 1756 1269 1785 1:
1293 1751 1437 1786 concito
1457 1755 1497 1785 Δ.

143 1803 160 1832 6
183 1799 379 1844 emineret]
400 1800 608 1844 emigneret
621 1803 660 1833 V.
738 1803 755 1832 7
772 1800 992 1844 extractam]
1007 1802 1167 1834 tractam
1181 1803 1216 1833 1..
1293 1803 1313 1834 8
1334 1799 1496 1844 hastam]

142 1849 260 1880 ast-am
287 1850 312 1879 L
341 1859 382 1880 m.
398 1859 458 1891 pr.
480 1850 520 1881 V.
641 1847 695 1892 os]
730 1847 796 1881 hos
823 1851 849 1880 F
874 1859 918 1881 m.
940 1859 999 1891 pr.
1124 1851 1143 1880 9
1170 1846 1353 1892 interiret]
1385 1847 1498 1880 inter-

143 1895 232 1928 isset
257 1897 297 1927 V.
414 1894 546 1940 ictum]
572 1894 713 1928 hictum
741 1897 781 1927 V.
903 1898 946 1928 10
974 1894 1108 1940 hostis]
1136 1895 1226 1928 ostis
1253 1897 1278 1927 B
1305 1905 1423 1939 m.pr.

143 1941 301 1987 adiuvit]
329 1942 458 1975 adiuet
483 1945 519 1975 P.
631 1942 757 1987 quem]
785 1952 856 1985 que
882 1945 922 1984 V,
950 1953 1045 1985 quae
1072 1945 1108 1984 F,
1137 1953 1247 1986 quam
1274 1945 1298 1974 L
1322 1953 1438 1986 mpr.
1460 1945 1496 1974 P.

144 1994 183 2023 11
214 1989 349 2034 magis]
380 1989 526 2033 magnis
552 1993 588 2022 P.
725 1989 870 2034 sponte]
906 1989 1030 2033 sponti
1057 1993 1092 2022 P.
1228 1989 1345 2035 haud]
1373 1991 1438 2023 aut
1463 1993 1496 2022 C.

144 2041 185 2070 12
213 2036 366 2081 Erigyio
400 2037 622 2071 Frobenius:
663 2036 792 2081 criguo
825 2040 864 2070 A.
990 2041 1031 2071 13
1066 2036 1277 2083 Spartanis]
1313 2036 1498 2080 spertanis

140 2088 203 2117 PV
223 2096 267 2118 m.
283 2096 343 2128 pr.
418 2084 711 2127 haudquaquam
731 2085 872 2119 Lauer:
900 2083 1001 2118 haud
1028 2095 1254 2128 quamquam
1274 2087 1384 2126 BFP,
1405 2083 1498 2118 haut

142 2142 370 2174 quamquam
402 2135 444 2174 L,
481 2134 545 2166 aut
584 2142 811 2175 quamquam
844 2135 883 2165 V.
1031 2131 1196 2177 securus]
1230 2133 1423 2166 secuturus
1455 2134 1495 2166 V.

143 2183 186 2213 14
213 2179 416 2224 defectum]
444 2179 662 2213 defunctum
688 2183 723 2212 P.
802 2183 843 2213 15
871 2179 972 2224 ante]
1001 2181 1111 2213 antea
1137 2182 1176 2212 V.
1254 2182 1294 2212 17
1323 2178 1498 2223 Erigyius

143 2227 364 2261 Frobem'us:
402 2226 551 2271 eriguus
577 2230 616 2260 A.
747 2225 895 2260 barbari
928 2230 1058 2270 caput,
1094 2226 1261 2270 opimum
1291 2227 1495 2261 Bentleius:

142 2273 358 2308 barbaricae
386 2274 569 2317 optimum
595 2278 632 2316 P,
658 2273 845 2307 barbarici
872 2274 1053 2318 optimum
1081 2278 1113 2308 c.
1231 2276 1275 2308 20
1301 2273 1497 2319 relinquit]

141 2320 329 2364 relinquid
356 2325 429 2355 PV.
529 2327 570 2356 *21
601 2320 765 2366 agmine]
793 2321 935 2355 acmine
962 2324 1002 2354 V.
1109 2321 1378 2365 Sogdia-norum
1409 2321 1496 2356 Gla-

140 2379 290 2404 rcamcs:
319 2369 568 2403 susitanorum
596 2372 633 2402 A.

1516 773 1549 797 10

1519 1070 1550 1094 15
