1610 2522
153 110 239 150 252
657 110 695 151 Q.
725 109 868 143 Clllt'l'l
898 109 1005 143 RUFI

154 222 238 259 teni
275 218 465 261 condidit
500 220 643 272 paucis
677 218 1014 272 propellentibus
1048 233 1211 272 pecora,
1244 221 1291 259 ut
1324 218 1508 273 inprovi-

156 279 252 319 duin
288 278 337 319 ad
371 278 545 319 insidias
572 278 729 332 praeda
755 277 1014 332 perduceret.
1066 277 1214 331 Itaque
1240 278 1508 333 inconposito

108 352 126 378 Γ,
155 339 323 390 agmine
357 338 594 392 solutisque
627 337 848 378 ordinibus
880 336 1052 378 Attinas
1091 337 1417 392 praedabundus
1450 352 1509 379 se-

86 1304 95 1333 l
107 1304 126 1329 sb

84 1543 123 1571 ll

156 397 380 451 fluebatur:
415 412 539 451 quern
574 400 934 452 praetergressum
968 397 1131 450 silvam,
1164 397 1236 451 qui
1270 397 1313 438 in
1341 411 1389 438 ca
1415 411 1510 438 con-

154 457 360 510 sederant,
386 472 436 498 ex
457 457 675 511 inproviso
697 456 833 497 adorti
857 470 950 497 cum
974 456 1172 497 omnibus
1194 457 1510 498 interemerunt.
1550 474 1564 499 5

119 542 126 556 ³
157 515 359 557 Celeriter
403 516 454 556 ad
490 517 708 557 craterum
754 515 880 557 huius
926 516 1057 557 cladis
1096 516 1207 557 fama
1238 517 1402 570 perlata
1435 519 1511 570 est,

155 576 227 629 qui
273 591 367 617 cum
414 575 530 616 omni
576 576 766 629 equitatu
812 575 1067 629 supervenit.
1146 575 1203 616 Et
1248 575 1510 631 Massagetae

154 635 324 689 quidem
364 636 447 676 iam
480 636 744 690 refugerant,
789 634 934 675 Dahae
967 647 999 675 M
1034 635 1226 689 oppressi
1260 638 1374 676 sunt:
1410 650 1510 689 quo—

154 710 246 736 rum
289 695 405 736 clade
438 695 571 736 totins
604 694 790 750 regionis
822 695 944 736 finita
977 694 1159 736 defectio
1193 698 1266 736 est.
1330 694 1511 736 Alexan-

155 755 227 795 ‹lcr
260 769 429 809 quoque
458 753 683 809 Sogdianis
716 769 861 796 rursus
895 754 1082 795 subactis
1110 753 1364 795 Maracanda
1394 769 1511 809 repe·
1535 772 1565 797 ιο

153 814 218 855 tit.
282 813 346 854 Ibi
380 814 561 867 Derdas,
606 829 731 868 quern
771 814 824 854 ad
858 813 1037 868 Scythas
1080 828 1206 867 super
1238 813 1508 867 Bosphorum

155 875 341 915 colentes
374 873 559 928 miserat,
592 887 687 915 cum
721 874 873 929 legatis
906 874 1047 928 gentis
1081 873 1276 914 occurrit.
1337 873 1512 914 Phrata-

154 933 334 987 phernes
363 948 543 987 quoque,
572 934 645 987 qui
668 932 931 974 Chorasmiis
956 935 1161 987 praeerat,
1188 932 1441 989 Massagetis
1471 936 1512 974 et

154 993 288 1034 Dahis
321 993 543 1048 regionum
578 993 760 1034 confinio
794 993 1018 1033 adiunctus
1051 993 1236 1046 miserat,
1273 994 1344 1047 qui
1378 994 1511 1035 faetu-

107 1067 114 1095 1
153 1067 247 1093 rum
275 1053 484 1106 imperata
509 1052 822 1107 pollicerentur.
869 1051 1053 1106 Scythae
1079 1052 1292 1106 petebant,
1324 1055 1372 1093 ut
1398 1052 1511 1108 regis
1534 1070 1564 1094 ιε.

154 1112 217 1152 sui
264 1113 396 1153 filiam
441 1111 715 1154 matrimonio
761 1112 842 1154 sibi
885 1113 1098 1167 iungeret:
1144 1112 1178 1152 si
1212 1111 1512 1167 dedignaretur

154 1171 432 1226 adfinitatem,
458 1172 672 1226 principes
693 1171 974 1213 Macedonum
1003 1185 1096 1212 cum
1126 1171 1384 1225 primoribus
1412 1186 1512 1212 suae

154 1231 292 1287 gentis
327 1232 511 1273 conubio
545 1233 657 1273 coire
689 1234 924 1286 pateretur:
958 1231 1095 1284 ipsum
1127 1231 1313 1286 [regum]
1343 1245 1510 1285 quoque

154 1305 297 1347 regem
331 1294 556 1333 venturum
590 1291 642 1332 ad
675 1306 771 1332 eum
805 1291 1128 1345 pollicebantur.
1179 1289 1370 1345 Utraque
1399 1291 1510 1345 lega-

153 1351 270 1392 tione
302 1351 486 1407 benigne
518 1350 663 1392 audita
690 1350 1052 1405 Hephaestionem
1085 1353 1125 1391 et
1154 1349 1412 1391 Artabazum
1440 1364 1512 1403 op·
1532 1366 1565 1391 20

154 1411 319 1465 periens
360 1410 515 1452 stativa
553 1410 725 1451 habuit:
772 1410 927 1464 quibus
960 1409 1172 1450 adiunctis
1205 1409 1249 1450 in
1280 1410 1510 1465 regionem,

155 1484 262 1523 quae
295 1472 536 1524 appellatur
568 1469 756 1523 Bazaira,
790 1470 993 1524 pervenit.

243 1529 453 1571 Barbarae
499 1530 741 1584 opulentiae
787 1532 829 1570 in
875 1529 960 1571 illis
1004 1528 1108 1569 locis
1148 1528 1261 1569 haud
1294 1530 1380 1569 ulla
1413 1531 1554 1569 sunt2'

154 1589 314 1630 maiora
342 1589 497 1630 indicia
525 1604 652 1644 quam
681 1589 847 1644 magnis
873 1588 1120 1630 nemoribus
1149 1588 1412 1642 saltibusque
1439 1602 1511 1629 no-

107 1668 124 1690 ·.
154 1648 304 1689 bilium
337 1648 521 1690 ferarum
555 1663 707 1704 greges
741 1649 858 1690 clusi.
912 1648 1131 1702 Spatiosas
1162 1647 1213 1688 ad
1240 1648 1321 1688 hoc
1347 1647 1512 1703 eligunt
1532 1664 1564 1689 25

155 1708 282 1749 silvas
328 1708 485 1750 crebris
530 1707 779 1762 perennium
819 1722 1025 1762 aquarum
1064 1707 1256 1748 fontibus
1297 1720 1511 1748 amoenas:

154 1768 286 1808 muris
307 1781 481 1808 nemora
507 1768 739 1823 cinguntur
763 1770 986 1821 turresque
1006 1767 1165 1808 habent
1185 1767 1430 1808 venantium
1451 1780 1511 1807 re-

251 1901 270 1931 4
298 1907 341 1930 ea
368 1896 628 1942 consederant]
656 1907 737 1930 eam
762 1896 999 1930 considerant·
1020 1900 1051 1929 C.
1151 1900 1170 1929 8
1199 1894 1342 1941 Dahae]
1364 1894 1455 1928 daae
1478 1898 1510 1929 c.

155 1948 173 1978 9
202 1946 257 1978 est
284 1955 350 1978 om.
376 1947 412 1978 Β.
549 1948 589 1977 11
619 1943 761 1978 Derdas
787 1944 934 1988 scripsi:
963 1943 1094 1978 berdes
1121 1946 1200 1976 ΑΗ.
1336 1942 1510 1988 Scythas]

155 1992 294 2026 scithas
321 1996 352 2025 c.
492 1996 532 2025 12
561 1991 877 2035 Phrataphernes]
909 1990 1212 2035 phi-athaphenes
1240 1994 1261 2023 c
1294 1989 1510 2035 [phar-atha-

155 2039 294 2084 plienes
321 2043 359 2073 V.
463 2042 502 2072 13
531 2038 778 2073 Chorasmiis
804 2039 945 2073 Rader:
980 2039 1109 2072 choras
1136 2041 1175 2071 A.
1280 2040 1451 2081 praeerat
1476 2041 1508 2071 1:

156 2087 341 2131 praeierat
362 2091 400 2120 A.
479 2091 519 2120 14
550 2086 663 2120 Dahis
691 2091 722 2120 1:
752 2086 832 2120 dais
853 2089 891 2119 A.
971 2090 1010 2119 15
1039 2085 1216 2131 Scythae]
1243 2084 1384 2119 scithae
1406 2087 1508 2118 BFL.

159 2139 198 2168 17
226 2134 429 2180 principes]
457 2135 650 2179 princepes
672 2138 708 2168 F.
796 2138 837 2167 18
865 2134 1025 2179 [regum]
1053 2134 1118 2168 del.
1142 2133 1276 2167 Lauer.
1369 2135 1412 2166 20
1439 2132 1509 2167 He-

155 2182 411 2225 phaestionem
428 2184 579 2227 Cospus:
597 2182 851 2226 ephestionem
867 2185 905 2214 A.
967 2181 1192 2214 Artabazum
1208 2184 1240 2214 1:
1257 2179 1470 2214 ariabazum
1482 2183 1511 2213 A

157 2229 357 2274 [aribazum
386 2234 410 2262 P
434 2242 475 2263 m.
493 2231 579 2274 pr]
704 2233 744 2262 *21
775 2229 978 2274 adiunctis]
1018 2228 1203 2262 abiunctis
1230 2230 1255 2260 B
1286 2240 1327 2261 m.
1349 2240 1407 2272 pr.
1436 2231 1509 2261 Lv.

156 2282 199 2310 *33
227 2277 343 2323 haud]
377 2277 467 2311 haut
494 2281 535 2311 Η.
671 2276 763 2321 ulla]
790 2276 856 2310 illa
882 2279 918 2310 B.
1056 2279 1099 2309 24
1126 2275 1283 2321 indicia]
1316 2275 1452 2309 inditia
1473 2278 1508 2308 P.

155 2325 283 2370 qnam]
311 2336 421 2368 quem
447 2328 473 2358 B
493 2337 537 2359 m.
553 2337 614 2369 pr.
635 2328 661 2358 F
684 2337 726 2358 m.
741 2336 799 2368 pr.
822 2328 846 2357 L
867 2335 956 2358 corr.
978 2327 1016 2357 V.
1123 2327 1166 2357 ‘25
1195 2322 1401 2368 Spatiosas]
1429 2332 1511 2366 spe-

157 2372 276 2406 ciosas
304 2376 326 2405 G
353 2372 551 2418 [spetiosas
578 2372 630 2417 L].
731 2376 771 2406 :37
801 2371 1010 2416 turresque]
1037 2373 1211 2414 turrequc
1237 2373 1263 2403 B
1287 2383 1329 2404 m.
1346 2382 1405 2415 pr.
